2975 5350
292 332 423 403 sn
1224 332 1305 415 Q.
1368 330 1650 421 cum-n
1695 332 1886 395 nuri

470 502 565 566 111.
648 498 699 543 ¹⁷
710 502 865 583 lpse·
884 501 1085 565 animo
1124 502 1353 565 infinita
1396 502 1754 584 complexus
1805 508 2126 578 statuerat,
2179 503 2346 563 omni
2399 502 2480 563 ad
2529 500 2836 562 orientem

306 600 601 665 maritima
642 600 893 681 regione
924 600 1279 679 perdomita,
1322 620 1399 663 ex
1444 602 1625 681 Syria
1667 608 1876 681 petere
1917 599 2200 673 Afrieam,
2245 597 2593 676 Carthagini
2639 597 2843 657 infen-

306 716 447 761 sus:
488 697 627 759 inde
670 698 995 759 Numidiae
1029 698 1455 761 solitudinibus
1494 697 1827 778 peragratis
1863 716 2108 759 cursum
2151 695 2340 757 Gadis
2379 695 2662 773 dirigere.
2757 694 2845 754 lbi

308 812 567 876 namque
614 794 926 857 columnas
968 794 1247 857 Herculis
1302 814 1437 857 esse
1491 795 1652 855 fama
1703 794 2072 875 vulgaverat.
2150 788 2205 833 ¹3
2225 792 2546 871 Hispanias
2597 790 2847 865 deinde,

310 910 463 973 quas
502 891 761 952 Iberiam
816 890 1035 953 Graeci
1088 911 1126 951 a
1178 892 1423 954 flumine
1476 891 1656 953 Ibero
1706 891 2033 966 vocabant,
2085 888 2288 962 'adire3
2347 896 2408 949 et
2455 888 2848 968 praetervehi

309 987 501 1067 Alpes
536 986 859 1069 ltalioeque
900 1006 1099 1063 oram,
1138 989 1300 1049 unde
1339 989 1399 1049 in
1444 989 1693 1069 Epirum
1731 984 1933 1049 brevis
1975 1006 2190 1049 cursus
2229 992 2336 1047 est.
2409 980 2464 1023 ¹⁹
2477 985 2675 1064 Igitur
2713 987 2848 1046 Me·

314 1085 687 1163 sopotamiae
726 1084 1105 1164 praetoribus
1142 1085 1484 1166 imperavit,
1543 1085 1791 1147 materia
1846 1084 1907 1145 iu
1947 1084 2178 1147 Libano
2235 1089 2438 1145 monte
2497 1102 2682 1143 caesa
2741 1082 2849 1143 de-
2932 1098 2933 1127 ³

312 1186 609 1263 veet‘aque
642 1182 719 1243 ad
758 1180 967 1243 urbem
1014 1164 1227 1261 S⁸yriae
1270 1184 1648 1262 Thapsacum
1664 1231 1680 1258 ,
1739 1181 2249 1262 septingentarum
2304 1178 2538 1241 carinas
2595 1180 2848 1240 navium

312 1296 581 1357 ponere:
620 1278 977 1358 septiremes
1018 1298 1228 1341 omnes
1272 1298 1409 1341 esse
1452 1279 1793 1360 deducique
1835 1277 2252 1357 Babyloniam.
2337 1275 2716 1355 Cypriorum
2755 1294 2848 1336 re-

316 1373 497 1454 gibus
538 1374 911 1456 imperatum,
956 1383 1024 1439 ut
1066 1396 1169 1438 aes
1208 1382 1612 1458 stuppamque
1653 1382 1716 1437 et
1749 1374 1886 1435 vela
1928 1374 2303 1455 praeberent.

496 1466 559 1511 ²⁰
574 1472 741 1533 Haec
779 1476 979 1552 agenti
1018 1473 1161 1535 Pori
1206 1479 1267 1533 et
1310 1473 1540 1535 Taxilis
1591 1490 1802 1552 regum
1849 1471 2084 1533 litterae
2141 1470 2485 1545 traduntur,
2543 1468 2846 1531 Abisaren

314 1565 553 1641 morbo,
596 1568 955 1648 Philippum,
997 1571 1365 1649 praesectum
1392 1570 1599 1649 ipsius,
1647 1590 1722 1631 ex
1745 1567 1994 1630 vulnere
2035 1567 2324 1642 interisse,
2371 1584 2844 1648 oppressosque,

318 1662 423 1742 qui
456 1662 875 1727 vulnerassent
930 1682 1101 1727 eum:
1166 1661 1217 1705 ²¹
1230 1665 1426 1746 Igitur
1462 1666 1742 1745 Philippo
1793 1664 2100 1727 substituit
2144 1664 2618 1727 Eudaemonem.
2711 1664 2846 1725 Dux

318 1765 449 1821 erat
487 1760 805 1824 Thracum.
890 1762 1159 1826 Abisaris
1199 1783 1453 1842 regnum
1491 1762 1620 1825 filio
1663 1762 1794 1825 eius
1835 1762 2120 1825 attribuit.

486 1858 593 1920 IV.
664 1853 995 1921 2²Ventum
1036 1866 1131 1922 est
1172 1860 1389 1921 deinde
1424 1860 1780 1939 Persagada.
1867 1859 2110 1921 Persica
2143 1864 2237 1920 est
2281 1877 2459 1936 genS,
2515 1857 2700 1919 euius
2759 1876 2846 1919 sa-

318 1958 525 2034 trapes
568 1956 821 2019 Orsines
860 1963 1002 2033 erat,
1040 1957 1351 2019 nobilitate
1400 1977 1473 2018 ae
1517 1956 1738 2019 divitiis
1783 1954 1939 2017 inter
1977 1974 2190 2018 omnes
2226 1956 2517 2015 barbaros
2559 1954 2845 2016 eminens.

318 2044 601 2115 ”Genus
622 2054 885 2115 ducebat
924 2074 961 2115 a
982 2052 1169 2135 Cyro,
1214 2055 1514 2136 quondam
1557 2074 1700 2133 rege
1737 2054 2092 2126 Persarum3
2137 2072 2290 2132 opes
2331 2059 2394 2113 et
2431 2071 2470 2112 a
2511 2051 2846 2113 maioribus
2934 2114 2935 2131 1

321 2149 571 2211 &aditos
592 2150 851 2212 habebat
872 2156 935 2211 et
972 2151 1105 2230 ipse
1142 2150 1327 2232 longa
1362 2150 1598 2231 imperii
1639 2151 2028 2229 possessione
2065 2150 2490 2211 eunmlaverat.
2549 2142 2682 2233 '²⁴1s
2719 2148 2848 2229 regi

324 2265 463 2309 eum
506 2246 703 2307 omnis
740 2247 977 2326 generis
1024 2247 1217 2324 donis,
1256 2268 1381 2311 non
1422 2248 1540 2327 ipsi
1577 2246 1762 2307 modo
1805 2246 2056 2327 ea,'‘sed
2097 2247 2274 2308 etiam
2317 2246 2528 2307 amieis
2575 2246 2714 2307 eius
2753 2247 2848 2305 da-

324 2349 521 2416 turus,
552 2342 841 2405 oecurrit.
906 2345 1215 2425 Equorum
1268 2343 1479 2405 domiti
1509 2362 1724 2424 greges
1755 2342 2173 2424 sequebantur,
2213 2364 2548 2425 eurmsque
2593 2352 2844 2424 argento

326 2446 389 2499 et
432 2458 583 2500 auro
626 2438 929 2514 adornati,
986 2441 1253 2520 pretiosa
1294 2441 1603 2520 supellex,
1651 2446 1714 2501 et
1765 2439 2002 2501 nobiles
2043 2460 2341 2519 gemmae,
2399 2462 2587 2504 aurea
2645 2441 2846 2521 magni

325 2532 615 2615 ponderis
636 2552 795 2610 vasa,
832 2542 1151 2619 vestesque
1180 2556 1538 2617 purpureae,
1585 2542 1646 2598 et
1667 2536 1880 2616 signati
1921 2538 2148 2616 argenti
2187 2538 2472 2599 talentum
2509 2538 2625 2599 tria
2671 2539 2844 2600 milia.

324 2624 679 2694 ²5Ceterum
736 2640 899 2695 tanta
954 2634 1286 2715 benignitas
1340 2634 1604 2696 barbaro
1677 2650 1857 2695 eausa
1929 2634 2140 2696 mortis
2198 2635 2324 2698 fuit.
2431 2635 2592 2696 Nam
2665 2656 2845 2717 quum

324 2748 539 2792 omnes
566 2729 795 2792 amieos
819 2732 979 2811 regis
1020 2732 1193 2794 donis
1238 2749 1427 2810 super
1466 2731 1739 2811 ipsorum
1775 2737 1918 2792 vota
1955 2731 2259 2807 coluisset,
2287 2734 2530 2812 Bagoae
2571 2734 2844 2812 spadoni,

288 2827 431 2907 'qui
484 2825 895 2888 Alexandrum
934 2827 1251 2910 ,obsequio
1315 2827 1597 2907 corporis
1647 2827 2000 2888 devinxerat
2053 2828 2200 2904 sibi,
2255 2828 2483 2890 nullum
2551 2831 2845 2890 bonorem
2935 2837 2937 2908 ξ

326 2921 553 2984 habuit.
624 2918 1179 3007 ²ssAdmonitusque
1237 2943 1273 2988 a
1330 2924 1686 3006 quibusdam
1705 2969 1724 2998 ,
1781 2943 1960 3005 quam
2019 2924 2365 2986 Alexandro
2433 2926 2608 2987 cordi
2667 2933 2846 3004 esset,

326 3019 669 3100 respondit,
729 3022 957 3084 amieos
1002 3023 1192 3102 regis,
1236 3041 1359 3082 non
1406 3031 1614 3082 scorta
1655 3039 1724 3082 se
1769 3021 2008 3096 colere,
2062 3041 2178 3082 nee
2223 3023 2408 3084 moris
2452 3041 2586 3084 esse
2629 3023 2843 3098 Persis,
2936 3017 2937 3078 Ῐ

323 3133 523 3178 mares
552 3117 793 3192 ducere,
840 3119 943 3199 qui
988 3126 1201 3198 stupro
1238 3116 1732 3178 effeminarentur.
1799 3113 1854 3156 ²⁷
1871 3117 1980 3178 His
2023 3117 2242 3180 auditis
2285 3119 2478 3198 spado
2519 3119 2842 3198 potentiam

327 3210 555 3289 flagitio
600 3219 660 3273 et
698 3212 997 3274 dedecore
1038 3213 1365 3294 quaesitam
1424 3214 1485 3274 in
1533 3219 1718 3292 eaput
1760 3212 2118 3276 nobilissimi
2163 3221 2222 3276 et
2263 3215 2522 3278 insontis
2559 3217 2838 3278 exercuit.

466 3431 546 3496 10,
584 3431 637 3494 3,
675 3431 777 3485 17:
836 3432 940 3483 Aa
974 3435 1337 3500 orientem,
1376 3437 1477 3486 wie
1515 3432 1568 3497 4,
1607 3433 1690 3494 37,
1730 3433 1822 3487 16:
1861 3436 1931 3486 ad
1969 3435 2178 3487 orientis
2212 3435 2440 3504 plagam.
2507 3439 2680 3502 Vergl.
2720 3439 2840 3490 Plin.

327 3515 447 3569 epp.
489 3499 538 3566 9,
575 3500 653 3565 13,
697 3500 787 3553 11:
838 3502 1135 3552 nominabat
1168 3503 1432 3570 quendam,
1470 3505 1558 3570 qui
1595 3511 1714 3554 mne
1748 3521 1782 3553 a
1801 3504 1835 3552 d
1872 3505 2016 3554 orie
2032 3521 2066 3553 n
2085 3513 2138 3554 te
2153 3521 2202 3556 m
2240 3504 2605 3572 amplissimum
2641 3506 2838 3555 exerci-

331 3576 436 3619 tum
472 3587 576 3620 non
610 3569 719 3619 aine
753 3571 949 3637 vna-quis
990 3570 1251 3638 dubiisque
1284 3571 1572 3630 rumoribus
1608 3569 1878 3624 obtinebat.
1911 3600 1974 3608 —
2013 3587 2278 3622 cursum
2312 3573 2490 3640 div-iq
2504 3590 2622 3622 ere.
2680 3575 2732 3625 S.
2765 3575 2840 3622 Pr.

328 3637 457 3690 unt.
493 3638 537 3701 1,
574 3635 641 3688 6:
682 3637 945 3688 Miltiades
989 3641 1226 3690 morandi
1277 3648 1471 3708 tempus
1517 3657 1620 3690 non
1669 3639 1856 3690 babens
1897 3655 2167 3691 cursum
2217 3641 2481 3690 direxit
2531 3657 2630 3707 quo
2675 3641 2841 3690 tende-

329 3703 417 3754 bat
450 3707 781 3773 pervenitque
822 3706 1196 3759 Chersonesum.
1221 3736 1277 3744 —
1318 3707 1683 3762 columnas.
1725 3707 1802 3758 [ἦε
1843 3707 2140 3760 columnam.
2173 3737 2231 3746 —
2277 3709 2461 3772 fama
2500 3707 2841 3776 vulqave-

322 3779 456 3827 rat.
506 3777 560 3825 S.
597 3790 664 3825 zu
704 3772 753 3838 4,
794 3773 877 3837 35,
918 3775 969 3826 2.

464 3865 549 3928 10,
591 3865 639 3930 3,
685 3865 766 3918 19.
841 3867 1231 3936 Imperavit.
1296 3869 1500 3931 Wegen
1557 3867 1655 3918 der
1713 3867 1952 3918 seltenen
2004 3869 2382 3920 construction
2437 3869 2602 3931 vergi.
2657 3869 2844 3932 Zumpt

330 3937 417 3986 Gr.
455 3937 500 4000 5.
536 3933 656 3987 617.
731 3937 1023 3987 Auffallend
1058 3939 1131 3987 ist
1166 3949 1282 3997 nur,
1334 3936 1461 3986 dass
1501 3936 1616 3987 sicli
1654 3933 1812 3988 beide
1852 3937 2302 3986 Constructionen
2353 3937 2467 3986 hier
2505 3937 2744 3986 ablosen.
2787 3963 2838 3972 -

334 4001 785 4070 Thapsacum,
826 4004 1452 4071 septingentarum.
1531 4003 1675 4056 Nach
1714 4003 1891 4066 Conj.;
1945 4004 2031 4056 R:
2095 4001 2413 4071 Thapsacum
2449 4003 2744 4069 inqentium.
2788 4029 2841 4040 -

330 4072 618 4121 ear-inas
652 4071 925 4120 navium
960 4087 1239 4138 ponere,
1290 4071 1392 4120 wie
1428 4071 1539 4121 Liv.
1573 4068 1662 4130 28,
1703 4067 1920 4132 45,·21:
1963 4069 2179 4138 triginta
2211 4071 2490 4125 navium
2523 4071 2844 4132 carinae,

328 4137 512 4205 viginti
564 4137 960 4204 quinqueremes,
1016 4139 1183 4188 decem
1230 4137 1592 4203 quadriremes,
1646 4153 1798 4208 quum
1851 4144 2012 4187 essent
2046 4156 2081 4205 p
2099 4140 2344 4199 ositae,
2393 4140 2504 4209 ipse
2541 4139 2624 4189 ita
2666 4139 2848 4188 institit

329 4207 491 4274 operi,
528 4213 587 4255 ut
623 4205 705 4255 die
744 4205 1129 4273 quadragesimo
1169 4205 1360 4272 quinto,
1400 4221 1553 4269 quam
1595 4222 1659 4254 ea·
1690 4203 1832 4254 silvis
1875 4205 2112 4256 detracta
2149 4207 2371 4257 materia
2411 4213 2538 4269 erat,
2575 4223 2730 4256 naves
2765 4208 2846 4255 in-

329 4280 559 4324 structae
596 4280 832 4324 armatae
866 4291 929 4324 ue
961 4275 1020 4324 in
1052 4289 1240 4339 aquam
1275 4272 1520 4322 deductae
1563 4279 1694 4323 sunt.
1743 4299 1800 4310 -—
1867 4273 1914 4322 B
1931 4273 2128 4339 ahyto
2146 4275 2340 4324 niam.
2395 4275 2473 4326 R:
2525 4273 2845 4340 Babylonem.

334 4367 391 4382 ·-
440 4340 524 4402 10,
570 4339 619 4404 3,
656 4339 740 4392 20.
814 4291 915 4392 ἕω
963 4339 1264 4392 vulnere.
1340 4339 1429 4388 Ex
1478 4341 1676 4390 druokt
1727 4341 1806 4391 ost
1848 4343 1934 4392 die
1989 4343 2386 4408 Veranlassung
2429 4357 2544 4403 auS,
2600 4345 2653 4392 in
2705 4344 2847 4407 Fulge

328 4412 495 4464 deren
531 4412 617 4461 ein
658 4411 910 4472 Zustand,
947 4412 1031 4461 ein
1064 4410 1333 4472 Ereigniss
1366 4409 1586 4458 eintritt.
1623 4411 1674 4458 S.
1712 4423 1776 4459 zu
1813 4406 1865 4470 3,
1907 4407 1960 4470 2,
1997 4407 2074 4461 17.

468 4500 551 4564 10,
568 4498 616 4562 4,
632 4499 717 4554 22.
740 4500 785 4551 P
798 4517 827 4550 e
842 4517 873 4550 r
885 4518 910 4551 ε
925 4516 1003 4567 ay
1017 4517 1051 4550 α
1066 4501 1102 4549 d
1114 4516 1160 4551 a.
1178 4499 1229 4550 F.
1246 4513 1259 4550 ε
1276 4497 1613 4566 Persaqadas.
1635 4501 1685 4550 S.
1701 4515 1766 4550 zu
1780 4499 1827 4562 5,
1843 4497 1926 4564 20,
1946 4499 2026 4552 10.
2047 4527 2109 4542 --
2127 4517 2162 4568 ς
2179 4517 2254 4550 en
2265 4517 2306 4549 s.
2327 4501 2421 4550 Ein
2433 4501 2741 4562 Ausdruek‚
2762 4501 2851 4552 der

328 4570 492 4622 leieht
518 4571 977 4640 missverstanden
1010 4570 1227 4620 werden
1264 4569 1420 4630 kann,
1462 4567 1674 4620 obwohl
1704 4583 1763 4619 er
1793 4573 1976 4633 streng
1996 4582 2317 4634 genommen
2353 4581 2486 4632 ganz
2521 4583 2700 4633 genau
2736 4571 2852 4621 dem

324 4630 1883 4767 2³35⁰⁰s¹2³23¹2525³¹*311332323130505‘i‘ih‘221‘fi2‘2234
1917 4633 2094 4754 1⁹32?
2103 4721 2160 4754 0.
2183 4637 2737 4755 2„*;·;„2··:2·ff·,;
2775 4637 2850 4755 2⁰:

325 4735 503 4818 rium·
530 4771 814 4820 conterruit
854 4739 951 4821 eo's.
993 4774 1041 4822 S.
1084 4773 1191 4821 Liv.
1234 4768 1318 4832 29,
1360 4767 1439 4832 17,
1472 4739 1564 4820 13⁹:
1605 4741 1661 4821 si
1695 4770 1922 4822 seelera
1963 4770 2472 4838 libidinemque
2503 4779 2568 4826 et
2603 4723 2854 4826 avaei-
