<?xml version="1.0" encoding="UTF-8"?>
<!DOCTYPE html PUBLIC "-//W3C//DTD XHTML 1.0 Transitional//EN"
    "http://www.w3.org/TR/xhtml1/DTD/xhtml1-transitional.dtd">
<html xmlns="http://www.w3.org/1999/xhtml" xml:lang="en" lang="en">
 <head>
  <title>
</title>
<meta http-equiv="Content-Type" content="text/html;charset=utf-8" />
  <meta name='ocr-system' content='tesseract 3.04.00' />
  <meta name='ocr-capabilities' content='ocr_page ocr_carea ocr_par ocr_line ocrx_word'/>
</head>
<body>
  <div class='ocr_page' id='page_1' title='image "./degestisalexand00fossgoog_0271.png"; bbox 0 0 2975 5350; ppageno 0'>
   <div class='ocr_carea' id='block_1_1' title="bbox 574 351 2632 424">
    <p class='ocr_par' dir='ltr' id='par_1_1' title="bbox 574 351 2632 424">
     <span class='ocr_line' id='line_1_1' title="bbox 574 351 2632 424; baseline 0.006 -12"><span class='ocrx_word' id='word_1_1' title='bbox 574 351 739 416; x_wconf 85' lang='lat' dir='ltr'>Vlll.</span> <span class='ocrx_word' id='word_1_2' title='bbox 777 353 946 416; x_wconf 87' lang='lat' dir='ltr'>XIV.</span> <span class='ocrx_word' id='word_1_3' title='bbox 992 357 1245 417; x_wconf 41' lang='lat'>3410.</span> <span class='ocrx_word' id='word_1_4' title='bbox 1290 352 1431 418; x_wconf 77' lang='lat' dir='ltr'>XV.</span> <span class='ocrx_word' id='word_1_5' title='bbox 1482 357 1774 420; x_wconf 66' lang='lat'>11-⁴20.</span> <span class='ocrx_word' id='word_1_6' title='bbox 1821 355 1993 422; x_wconf 74' lang='lat' dir='ltr'>xvi.</span> <span class='ocrx_word' id='word_1_7' title='bbox 2039 361 2140 422; x_wconf 81' lang='lat'>21.</span> <span class='ocrx_word' id='word_1_8' title='bbox 2505 357 2632 424; x_wconf 58' lang='grc' dir='ltr'>Ἥ</span> 
     </span>
    </p>
   </div>
   <div class='ocr_carea' id='block_1_2' title="bbox 65 516 2628 2436">
    <p class='ocr_par' dir='ltr' id='par_1_2' title="bbox 65 516 2628 2436">
     <span class='ocr_line' id='line_1_2' title="bbox 84 516 2628 597; baseline 0.006 -20"><span class='ocrx_word' id='word_1_9' title='bbox 84 519 273 594; x_wconf 78' lang='lat' dir='ltr'>dem,·</span> <span class='ocrx_word' id='word_1_10' title='bbox 303 518 418 579; x_wconf 56' lang='lat' dir='ltr'>&gt;sed</span> <span class='ocrx_word' id='word_1_11' title='bbox 457 520 571 582; x_wconf 82' lang='lat' dir='ltr'>iam</span> <span class='ocrx_word' id='word_1_12' title='bbox 612 522 771 583; x_wconf 76' lang='lat' dir='ltr'>coeli</span> <span class='ocrx_word' id='word_1_13' title='bbox 795 523 1171 592; x_wconf 61' lang='lat' dir='ltr'>=mitescente</span> <span class='ocrx_word' id='word_1_14' title='bbox 1203 516 1482 597; x_wconf 72' lang='lat' dir='ltr'>saevitia,</span> <span class='ocrx_word' id='word_1_15' title='bbox 1532 525 1902 588; x_wconf 73' lang='lat' dir='ltr'>locaverunt.</span> <span class='ocrx_word' id='word_1_16' title='bbox 1982 527 2124 587; x_wconf 87' lang='lat' dir='ltr'>Duo</span> <span class='ocrx_word' id='word_1_17' title='bbox 2175 525 2343 588; x_wconf 77' lang='lat' dir='ltr'>milia</span> <span class='ocrx_word' id='word_1_18' title='bbox 2373 526 2628 591; x_wconf 67' lang='lat' dir='ltr'>militum</span> 
     </span>
     <span class='ocr_line' id='line_1_3' title="bbox 80 615 2624 701; baseline 0.004 -27"><span class='ocrx_word' id='word_1_19' title='bbox 80 619 273 694; x_wconf 85' lang='lat' dir='ltr'>atque</span> <span class='ocrx_word' id='word_1_20' title='bbox 313 615 577 678; x_wconf 74' lang='lat' dir='ltr'>lixarum</span> <span class='ocrx_word' id='word_1_21' title='bbox 616 619 1017 701; x_wconf 77' lang='lat' dir='ltr'>calonumque</span> <span class='ocrx_word' id='word_1_22' title='bbox 1054 619 1243 698; x_wconf 82' lang='lat' dir='ltr'>pestis</span> <span class='ocrx_word' id='word_1_23' title='bbox 1282 619 1387 680; x_wconf 86' lang='lat' dir='ltr'>illa</span> <span class='ocrx_word' id='word_1_24' title='bbox 1429 619 1820 700; x_wconf 79' lang='lat' dir='ltr'><strong>consumpsit.</strong></span> <span class='ocrx_word' id='word_1_25' title='bbox 1885 616 1938 660; x_wconf 74' lang='lat'>¹⁴</span> <span class='ocrx_word' id='word_1_26' title='bbox 1951 623 2278 684; x_wconf 77' lang='lat' dir='ltr'>Memoriae</span> <span class='ocrx_word' id='word_1_27' title='bbox 2317 623 2624 701; x_wconf 81' lang='lat' dir='ltr'>proditum</span> 
     </span>
     <span class='ocr_line' id='line_1_4' title="bbox 76 713 2620 794; baseline 0.004 -23"><span class='ocrx_word' id='word_1_28' title='bbox 76 718 191 786; x_wconf 90' lang='lat' dir='ltr'>est,</span> <span class='ocrx_word' id='word_1_29' title='bbox 250 713 551 792; x_wconf 83' lang='lat' dir='ltr'>quosdam</span> <span class='ocrx_word' id='word_1_30' title='bbox 591 715 926 794; x_wconf 84' lang='lat' dir='ltr'>applicatos</span> <span class='ocrx_word' id='word_1_31' title='bbox 972 717 1261 778; x_wconf 80' lang='lat' dir='ltr'>arborum</span> <span class='ocrx_word' id='word_1_32' title='bbox 1302 716 1532 778; x_wconf 79' lang='lat' dir='ltr'>truncis</span> <span class='ocrx_word' id='word_1_33' title='bbox 1583 723 1644 777; x_wconf 91' lang='lat' dir='ltr'>et</span> <span class='ocrx_word' id='word_1_34' title='bbox 1695 737 1822 778; x_wconf 88' lang='lat' dir='ltr'>non</span> <span class='ocrx_word' id='word_1_35' title='bbox 1869 719 2070 780; x_wconf 85' lang='lat' dir='ltr'>solum</span> <span class='ocrx_word' id='word_1_36' title='bbox 2103 719 2456 794; x_wconf 74' lang='lat' dir='ltr'>viventibuS,</span> <span class='ocrx_word' id='word_1_37' title='bbox 2507 719 2620 780; x_wconf 83' lang='lat' dir='ltr'>sed</span> 
     </span>
     <span class='ocr_line' id='line_1_5' title="bbox 72 808 2618 893; baseline 0.003 -25"><span class='ocrx_word' id='word_1_38' title='bbox 72 809 263 869; x_wconf 81' lang='lat' dir='ltr'>etiam</span> <span class='ocrx_word' id='word_1_39' title='bbox 322 808 481 870; x_wconf 89' lang='lat' dir='ltr'>inter</span> <span class='ocrx_word' id='word_1_40' title='bbox 536 829 603 871; x_wconf 92' lang='lat' dir='ltr'>se</span> <span class='ocrx_word' id='word_1_41' title='bbox 662 812 1149 892; x_wconf 80' lang='lat' dir='ltr'><strong>colloquentibus</strong></span> <span class='ocrx_word' id='word_1_42' title='bbox 1202 811 1427 874; x_wconf 83' lang='lat' dir='ltr'>similes</span> <span class='ocrx_word' id='word_1_43' title='bbox 1488 831 1620 876; x_wconf 86' lang='lat' dir='ltr'>esse</span> <span class='ocrx_word' id='word_1_44' title='bbox 1682 821 2064 893; x_wconf 51' lang='lat' dir='ltr'>conspectae,</span> <span class='ocrx_word' id='word_1_45' title='bbox 2121 815 2372 876; x_wconf 85' lang='lat' dir='ltr'>durante</span> <span class='ocrx_word' id='word_1_46' title='bbox 2419 814 2618 876; x_wconf 72' lang='lat' dir='ltr'>adhue</span> 
     </span>
     <span class='ocr_line' id='line_1_6' title="bbox 70 904 2616 990; baseline 0.003 -26"><span class='ocrx_word' id='word_1_47' title='bbox 70 905 323 982; x_wconf 69' lang='lat' dir='ltr'>habitu,</span> <span class='ocrx_word' id='word_1_48' title='bbox 344 909 409 966; x_wconf 86' lang='lat' dir='ltr'>in</span> <span class='ocrx_word' id='word_1_49' title='bbox 452 925 578 988; x_wconf 83' lang='lat' dir='ltr'>quo</span> <span class='ocrx_word' id='word_1_50' title='bbox 618 927 785 968; x_wconf 87' lang='lat' dir='ltr'>mors</span> <span class='ocrx_word' id='word_1_51' title='bbox 834 925 1133 990; x_wconf 83' lang='lat' dir='ltr'>quemque</span> <span class='ocrx_word' id='word_1_52' title='bbox 1173 909 1668 988; x_wconf 71' lang='lat' dir='ltr'>deprehenderat.</span> <span class='ocrx_word' id='word_1_53' title='bbox 1731 904 1780 948; x_wconf 80' lang='lat'>¹⁵</span> <span class='ocrx_word' id='word_1_54' title='bbox 1799 911 1986 972; x_wconf 81' lang='lat' dir='ltr'>Forte</span> <span class='ocrx_word' id='word_1_55' title='bbox 2011 910 2270 972; x_wconf 80' lang='lat' dir='ltr'>Macedo</span> <span class='ocrx_word' id='word_1_56' title='bbox 2305 912 2616 990; x_wconf 75' lang='lat' dir='ltr'>gregarius</span> 
     </span>
     <span class='ocr_line' id='line_1_7' title="bbox 70 1001 2614 1086; baseline 0.003 -26"><span class='ocrx_word' id='word_1_57' title='bbox 70 1001 273 1078; x_wconf 83' lang='lat' dir='ltr'>mileS,</span> <span class='ocrx_word' id='word_1_58' title='bbox 315 1021 509 1084; x_wconf 86' lang='lat' dir='ltr'>seque</span> <span class='ocrx_word' id='word_1_59' title='bbox 546 1010 612 1064; x_wconf 82' lang='lat' dir='ltr'>et</span> <span class='ocrx_word' id='word_1_60' title='bbox 639 1023 807 1065; x_wconf 81' lang='lat' dir='ltr'>arma</span> <span class='ocrx_word' id='word_1_61' title='bbox 846 1011 1203 1080; x_wconf 77' lang='lat' dir='ltr'>sustentanS,</span> <span class='ocrx_word' id='word_1_62' title='bbox 1230 1007 1469 1066; x_wconf 76' lang='lat' dir='ltr'>tandem</span> <span class='ocrx_word' id='word_1_63' title='bbox 1509 1007 1572 1065; x_wconf 86' lang='lat' dir='ltr'>in</span> <span class='ocrx_word' id='word_1_64' title='bbox 1617 1013 1814 1068; x_wconf 83' lang='lat' dir='ltr'>castra</span> <span class='ocrx_word' id='word_1_65' title='bbox 1853 1013 2226 1086; x_wconf 78' lang='lat' dir='ltr'>pervenerat.</span> <span class='ocrx_word' id='word_1_66' title='bbox 2300 1010 2444 1085; x_wconf 83' lang='lat' dir='ltr'>Quo</span> <span class='ocrx_word' id='word_1_67' title='bbox 2479 1005 2614 1068; x_wconf 73' lang='lat' dir='ltr'>vieo</span> 
     </span>
     <span class='ocr_line' id='line_1_8' title="bbox 70 1100 2618 1181; baseline 0.002 -23"><span class='ocrx_word' id='word_1_68' title='bbox 70 1117 207 1173; x_wconf 86' lang='lat' dir='ltr'>rex,</span> <span class='ocrx_word' id='word_1_69' title='bbox 266 1105 629 1181; x_wconf 77' lang='lat' dir='ltr'>quamquam</span> <span class='ocrx_word' id='word_1_70' title='bbox 672 1100 805 1180; x_wconf 81' lang='lat' dir='ltr'>ipse</span> <span class='ocrx_word' id='word_1_71' title='bbox 846 1102 1227 1164; x_wconf 86' lang='lat' dir='ltr'>tummaxime</span> <span class='ocrx_word' id='word_1_72' title='bbox 1262 1102 1508 1165; x_wconf 80' lang='lat' dir='ltr'>admoto</span> <span class='ocrx_word' id='word_1_73' title='bbox 1551 1102 1690 1181; x_wconf 86' lang='lat' dir='ltr'>igne</span> <span class='ocrx_word' id='word_1_74' title='bbox 1735 1104 2048 1164; x_wconf 80' lang='lat' dir='ltr'>refovebat</span> <span class='ocrx_word' id='word_1_75' title='bbox 2099 1108 2285 1177; x_wconf 86' lang='lat' dir='ltr'>artus,</span> <span class='ocrx_word' id='word_1_76' title='bbox 2343 1121 2420 1162; x_wconf 83' lang='lat' dir='ltr'>ex</span> <span class='ocrx_word' id='word_1_77' title='bbox 2467 1100 2618 1162; x_wconf 79' lang='lat' dir='ltr'>sella</span> 
     </span>
     <span class='ocr_line' id='line_1_9' title="bbox 70 1195 2614 1279; baseline 0.001 -24"><span class='ocrx_word' id='word_1_78' title='bbox 70 1215 177 1255; x_wconf 77' lang='lat' dir='ltr'>sua</span> <span class='ocrx_word' id='word_1_79' title='bbox 224 1195 453 1257; x_wconf 80' lang='lat' dir='ltr'>exiluit</span> <span class='ocrx_word' id='word_1_80' title='bbox 502 1201 961 1279; x_wconf 81' lang='lat' dir='ltr'>torpentemque</span> <span class='ocrx_word' id='word_1_81' title='bbox 1014 1199 1261 1260; x_wconf 86' lang='lat' dir='ltr'>militem</span> <span class='ocrx_word' id='word_1_82' title='bbox 1306 1205 1367 1260; x_wconf 83' lang='lat' dir='ltr'>et</span> <span class='ocrx_word' id='word_1_83' title='bbox 1410 1200 1513 1261; x_wconf 77' lang='lat' dir='ltr'>vix</span> <span class='ocrx_word' id='word_1_84' title='bbox 1568 1205 1914 1278; x_wconf 85' lang='lat' dir='ltr'>compotem</span> <span class='ocrx_word' id='word_1_85' title='bbox 1965 1199 2184 1260; x_wconf 84' lang='lat' dir='ltr'>mentis</span> <span class='ocrx_word' id='word_1_86' title='bbox 2224 1197 2484 1277; x_wconf 84' lang='lat' dir='ltr'>demptis</span> <span class='ocrx_word' id='word_1_87' title='bbox 2523 1216 2614 1258; x_wconf 74' lang='lat' dir='ltr'>ar·</span> 
     </span>
     <span class='ocr_line' id='line_1_10' title="bbox 68 1290 2612 1377; baseline 0.001 -26"><span class='ocrx_word' id='word_1_88' title='bbox 68 1293 185 1352; x_wconf 82' lang='lat' dir='ltr'>mis</span> <span class='ocrx_word' id='word_1_89' title='bbox 228 1293 295 1352; x_wconf 88' lang='lat' dir='ltr'>in</span> <span class='ocrx_word' id='word_1_90' title='bbox 334 1293 449 1354; x_wconf 78' lang='lat' dir='ltr'>sua</span> <span class='ocrx_word' id='word_1_91' title='bbox 488 1293 635 1354; x_wconf 87' lang='lat' dir='ltr'>sede</span> <span class='ocrx_word' id='word_1_92' title='bbox 666 1294 843 1356; x_wconf 80' lang='lat' dir='ltr'>iussit</span> <span class='ocrx_word' id='word_1_93' title='bbox 886 1295 1219 1356; x_wconf 83' lang='lat' dir='ltr'>considere.</span> <span class='ocrx_word' id='word_1_94' title='bbox 1299 1290 1351 1334; x_wconf 74' lang='lat'>¹⁶</span> <span class='ocrx_word' id='word_1_95' title='bbox 1363 1295 1469 1356; x_wconf 83' lang='lat' dir='ltr'>me</span> <span class='ocrx_word' id='word_1_96' title='bbox 1518 1296 1620 1356; x_wconf 88' lang='lat' dir='ltr'>diu</span> <span class='ocrx_word' id='word_1_97' title='bbox 1663 1315 1778 1356; x_wconf 90' lang='lat' dir='ltr'>nec</span> <span class='ocrx_word' id='word_1_98' title='bbox 1819 1295 1925 1356; x_wconf 88' lang='lat' dir='ltr'>ubi</span> <span class='ocrx_word' id='word_1_99' title='bbox 1959 1297 2384 1377; x_wconf 79' lang='lat' dir='ltr'>requiesceret,</span> <span class='ocrx_word' id='word_1_100' title='bbox 2422 1313 2538 1354; x_wconf 87' lang='lat' dir='ltr'>nec</span> <span class='ocrx_word' id='word_1_101' title='bbox 2573 1314 2612 1354; x_wconf 82' lang='lat' dir='ltr'>a</span> 
     </span>
     <span class='ocr_line' id='line_1_11' title="bbox 68 1390 2612 1470; baseline 0.001 -20"><span class='ocrx_word' id='word_1_102' title='bbox 68 1409 199 1468; x_wconf 88' lang='lat' dir='ltr'>quo</span> <span class='ocrx_word' id='word_1_103' title='bbox 236 1395 405 1450; x_wconf 83' lang='lat' dir='ltr'>esset</span> <span class='ocrx_word' id='word_1_104' title='bbox 443 1395 749 1468; x_wconf 48' lang='lat' dir='ltr'>exceptu&amp;</span> <span class='ocrx_word' id='word_1_105' title='bbox 808 1390 1069 1470; x_wconf 85' lang='lat' dir='ltr'>agnovit.</span> <span class='ocrx_word' id='word_1_106' title='bbox 1154 1393 1419 1453; x_wconf 81' lang='lat' dir='ltr'>Tandem</span> <span class='ocrx_word' id='word_1_107' title='bbox 1475 1400 1726 1470; x_wconf 83' lang='lat' dir='ltr'>recepto</span> <span class='ocrx_word' id='word_1_108' title='bbox 1780 1391 1984 1452; x_wconf 85' lang='lat' dir='ltr'>calore</span> <span class='ocrx_word' id='word_1_109' title='bbox 2043 1392 2222 1469; x_wconf 84' lang='lat' dir='ltr'>vitali,</span> <span class='ocrx_word' id='word_1_110' title='bbox 2276 1395 2344 1452; x_wconf 89' lang='lat' dir='ltr'>ut</span> <span class='ocrx_word' id='word_1_111' title='bbox 2381 1390 2612 1470; x_wconf 83' lang='lat' dir='ltr'>regiam</span> 
     </span>
     <span class='ocr_line' id='line_1_12' title="bbox 68 1484 2610 1569; baseline 0.001 -24"><span class='ocrx_word' id='word_1_112' title='bbox 68 1487 289 1546; x_wconf 84' lang='lat' dir='ltr'>sedem</span> <span class='ocrx_word' id='word_1_113' title='bbox 332 1505 663 1568; x_wconf 79' lang='lat' dir='ltr'>regemque</span> <span class='ocrx_word' id='word_1_114' title='bbox 701 1486 866 1562; x_wconf 83' lang='lat' dir='ltr'>vidit,</span> <span class='ocrx_word' id='word_1_115' title='bbox 914 1487 1159 1548; x_wconf 87' lang='lat' dir='ltr'>territus</span> <span class='ocrx_word' id='word_1_116' title='bbox 1196 1489 1406 1568; x_wconf 84' lang='lat' dir='ltr'>surgit.</span> <span class='ocrx_word' id='word_1_117' title='bbox 1491 1484 1541 1528; x_wconf 86' lang='lat'>¹⁷</span> <span class='ocrx_word' id='word_1_118' title='bbox 1553 1493 1750 1569; x_wconf 79' lang='lat' dir='ltr'>Quem</span> <span class='ocrx_word' id='word_1_119' title='bbox 1797 1487 2036 1550; x_wconf 87' lang='lat' dir='ltr'>intuens</span> <span class='ocrx_word' id='word_1_120' title='bbox 2080 1488 2442 1563; x_wconf 78' lang='lat' dir='ltr'>Alexander,</span> <span class='ocrx_word' id='word_1_121' title='bbox 2493 1489 2610 1548; x_wconf 73' lang='lat' dir='ltr'>Ec-</span> 
     </span>
     <span class='ocr_line' id='line_1_13' title="bbox 68 1583 2608 1664; baseline 0.002 -22"><span class='ocrx_word' id='word_1_122' title='bbox 68 1585 238 1659; x_wconf 63' lang='lat' dir='ltr'>puid</span> <span class='ocrx_word' id='word_1_123' title='bbox 274 1584 597 1661; x_wconf 53' lang='lat' dir='ltr'>intelligis,</span> <span class='ocrx_word' id='word_1_124' title='bbox 648 1584 833 1658; x_wconf 75' lang='lat' dir='ltr'>miles,</span> <span class='ocrx_word' id='word_1_125' title='bbox 894 1583 1103 1663; x_wconf 86' lang='lat' dir='ltr'>inquit,</span> <span class='ocrx_word' id='word_1_126' title='bbox 1156 1594 1387 1662; x_wconf 80' lang='lat' dir='ltr'>quanto</span> <span class='ocrx_word' id='word_1_127' title='bbox 1430 1585 1680 1645; x_wconf 74' lang='lat' dir='ltr'>meliore</span> <span class='ocrx_word' id='word_1_128' title='bbox 1730 1591 1908 1659; x_wconf 78' lang='lat' dir='ltr'>sorte,</span> <span class='ocrx_word' id='word_1_129' title='bbox 1969 1605 2160 1664; x_wconf 68' lang='lat' dir='ltr'>quam</span> <span class='ocrx_word' id='word_1_130' title='bbox 2199 1586 2440 1660; x_wconf 75' lang='lat' dir='ltr'>Persae,</span> <span class='ocrx_word' id='word_1_131' title='bbox 2497 1583 2608 1646; x_wconf 76' lang='lat' dir='ltr'>sub</span> 
     </span>
     <span class='ocr_line' id='line_1_14' title="bbox 68 1679 2606 1762; baseline 0.001 -22"><span class='ocrx_word' id='word_1_132' title='bbox 68 1701 225 1759; x_wconf 70' lang='lat' dir='ltr'>·*ege</span> <span class='ocrx_word' id='word_1_133' title='bbox 262 1680 533 1744; x_wconf 77' lang='lat' dir='ltr'>vz‘vatis?</span> <span class='ocrx_word' id='word_1_134' title='bbox 610 1680 747 1754; x_wconf 75' lang='lat' dir='ltr'><em>Illis</em></span> <span class='ocrx_word' id='word_1_135' title='bbox 782 1681 945 1739; x_wconf 80' lang='lat' dir='ltr'>enim</span> <span class='ocrx_word' id='word_1_136' title='bbox 988 1681 1060 1740; x_wconf 79' lang='lat' dir='ltr'>in</span> <span class='ocrx_word' id='word_1_137' title='bbox 1090 1682 1243 1742; x_wconf 79' lang='lat' dir='ltr'>sella</span> <span class='ocrx_word' id='word_1_138' title='bbox 1284 1683 1447 1760; x_wconf 70' lang='lat' dir='ltr'>regis</span> <span class='ocrx_word' id='word_1_139' title='bbox 1486 1681 1818 1742; x_wconf 76' lang='lat' dir='ltr'>comedisse</span> <span class='ocrx_word' id='word_1_140' title='bbox 1848 1683 2088 1762; x_wconf 78' lang='lat' dir='ltr'>capital</span> <span class='ocrx_word' id='word_1_141' title='bbox 2107 1681 2312 1760; x_wconf 81' lang='lat' dir='ltr'>foret,</span> <span class='ocrx_word' id='word_1_142' title='bbox 2355 1679 2471 1742; x_wconf 74' lang='lat' dir='ltr'>tibi</span> <span class='ocrx_word' id='word_1_143' title='bbox 2506 1702 2606 1742; x_wconf 82' lang='lat' dir='ltr'>sa-</span> 
     </span>
     <span class='ocr_line' id='line_1_15' title="bbox 66 1769 2610 1858; baseline 0.002 -25"><span class='ocrx_word' id='word_1_144' title='bbox 66 1777 211 1836; x_wconf 73' lang='lat' dir='ltr'>!uti</span> <span class='ocrx_word' id='word_1_145' title='bbox 231 1777 401 1858; x_wconf 72' lang='lat' dir='ltr'>fuit.</span> <span class='ocrx_word' id='word_1_146' title='bbox 486 1769 541 1818; x_wconf 69' lang='lat'>¹⁸</span> <span class='ocrx_word' id='word_1_147' title='bbox 557 1777 805 1838; x_wconf 77' lang='lat' dir='ltr'>Postero</span> <span class='ocrx_word' id='word_1_148' title='bbox 850 1776 945 1837; x_wconf 87' lang='lat' dir='ltr'>die</span> <span class='ocrx_word' id='word_1_149' title='bbox 1005 1777 1353 1838; x_wconf 83' lang='lat' dir='ltr'>convocatis</span> <span class='ocrx_word' id='word_1_150' title='bbox 1404 1774 1612 1836; x_wconf 85' lang='lat' dir='ltr'>amicis</span> <span class='ocrx_word' id='word_1_151' title='bbox 1673 1777 2104 1856; x_wconf 79' lang='lat' dir='ltr'>copiarumque</span> <span class='ocrx_word' id='word_1_152' title='bbox 2159 1777 2418 1837; x_wconf 86' lang='lat' dir='ltr'>ducibus</span> <span class='ocrx_word' id='word_1_153' title='bbox 2463 1795 2610 1852; x_wconf 84' lang='lat' dir='ltr'>pro-</span> 
     </span>
     <span class='ocr_line' id='line_1_16' title="bbox 66 1869 2610 1952; baseline -0.001 -20"><span class='ocrx_word' id='word_1_154' title='bbox 66 1872 345 1934; x_wconf 62' lang='lat' dir='ltr'>nuntiari</span> <span class='ocrx_word' id='word_1_155' title='bbox 386 1873 577 1949; x_wconf 85' lang='lat' dir='ltr'>iussit,</span> <span class='ocrx_word' id='word_1_156' title='bbox 634 1871 831 1950; x_wconf 85' lang='lat' dir='ltr'>ipsum</span> <span class='ocrx_word' id='word_1_157' title='bbox 872 1871 1095 1946; x_wconf 80' lang='lat' dir='ltr'>omnia,</span> <span class='ocrx_word' id='word_1_158' title='bbox 1146 1893 1301 1952; x_wconf 82' lang='lat' dir='ltr'>quae</span> <span class='ocrx_word' id='word_1_159' title='bbox 1344 1870 1564 1932; x_wconf 88' lang='lat' dir='ltr'>amissa</span> <span class='ocrx_word' id='word_1_160' title='bbox 1605 1877 1824 1946; x_wconf 79' lang='lat' dir='ltr'>essent,</span> <span class='ocrx_word' id='word_1_161' title='bbox 1881 1871 2274 1932; x_wconf 69' lang='lat' dir='ltr'>redditurum·</span> <span class='ocrx_word' id='word_1_162' title='bbox 2353 1870 2432 1929; x_wconf 85' lang='lat' dir='ltr'>Et</span> <span class='ocrx_word' id='word_1_163' title='bbox 2467 1869 2610 1948; x_wconf 84' lang='lat' dir='ltr'>pro-</span> 
     </span>
     <span class='ocr_line' id='line_1_17' title="bbox 66 1963 2608 2047; baseline -0.001 -17"><span class='ocrx_word' id='word_1_164' title='bbox 66 1971 273 2032; x_wconf 70' lang='lat' dir='ltr'>misso</span> <span class='ocrx_word' id='word_1_165' title='bbox 328 1971 479 2032; x_wconf 84' lang='lat' dir='ltr'>fides</span> <span class='ocrx_word' id='word_1_166' title='bbox 535 1967 742 2030; x_wconf 86' lang='lat' dir='ltr'>extitit.</span> <span class='ocrx_word' id='word_1_167' title='bbox 835 1963 888 2008; x_wconf 79' lang='lat'>¹⁹</span> <span class='ocrx_word' id='word_1_168' title='bbox 900 1969 1061 2030; x_wconf 82' lang='lat' dir='ltr'>Nam</span> <span class='ocrx_word' id='word_1_169' title='bbox 1122 1967 1515 2047; x_wconf 82' lang='lat' dir='ltr'>Sysimithres-</span> <span class='ocrx_word' id='word_1_170' title='bbox 1565 1966 1753 2028; x_wconf 79' lang='lat' dir='ltr'>multa</span> <span class='ocrx_word' id='word_1_171' title='bbox 1805 1967 2072 2028; x_wconf 88' lang='lat' dir='ltr'>iumenta</span> <span class='ocrx_word' id='word_1_172' title='bbox 2125 1973 2186 2027; x_wconf 90' lang='lat' dir='ltr'>et</span> <span class='ocrx_word' id='word_1_173' title='bbox 2239 1965 2608 2028; x_wconf 74' lang='lat' dir='ltr'>camelorum</span> 
     </span>
     <span class='ocr_line' id='line_1_18' title="bbox 66 2061 2610 2150; baseline -0.001 -25"><span class='ocrx_word' id='word_1_174' title='bbox 66 2067 219 2126; x_wconf 65' lang='lat' dir='ltr'>«luo</span> <span class='ocrx_word' id='word_1_175' title='bbox 256 2066 417 2128; x_wconf 84' lang='lat' dir='ltr'>milia</span> <span class='ocrx_word' id='word_1_176' title='bbox 462 2065 709 2128; x_wconf 83' lang='lat' dir='ltr'>adduxit</span> <span class='ocrx_word' id='word_1_177' title='bbox 744 2083 1089 2145; x_wconf 76' lang='lat' dir='ltr'>pecoraque</span> <span class='ocrx_word' id='word_1_178' title='bbox 1140 2069 1204 2124; x_wconf 83' lang='lat' dir='ltr'>et</span> <span class='ocrx_word' id='word_1_179' title='bbox 1246 2069 1518 2124; x_wconf 82' lang='lat' dir='ltr'>armenta</span> <span class='ocrx_word' id='word_1_180' title='bbox 1535 2086 1570 2127; x_wconf 75' lang='lat' dir='ltr'>z·</span> <span class='ocrx_word' id='word_1_181' title='bbox 1612 2067 1766 2150; x_wconf 70' lang='lat' dir='ltr'>qnae</span> <span class='ocrx_word' id='word_1_182' title='bbox 1809 2061 2124 2124; x_wconf 75' lang='lat' dir='ltr'>distributa</span> <span class='ocrx_word' id='word_1_183' title='bbox 2181 2061 2408 2142; x_wconf 84' lang='lat' dir='ltr'>pariter</span> <span class='ocrx_word' id='word_1_184' title='bbox 2455 2062 2610 2124; x_wconf 82' lang='lat' dir='ltr'>mili·-</span> 
     </span>
     <span class='ocr_line' id='line_1_19' title="bbox 65 2153 2610 2237; baseline -0.001 -14"><span class='ocrx_word' id='word_1_185' title='bbox 65 2169 214 2224; x_wconf 62' lang='lat' dir='ltr'>‘em</span> <span class='ocrx_word' id='word_1_186' title='bbox 252 2169 309 2224; x_wconf 87' lang='lat' dir='ltr'>et</span> <span class='ocrx_word' id='word_1_187' title='bbox 345 2163 562 2225; x_wconf 81' lang='lat' dir='ltr'>damno</span> <span class='ocrx_word' id='word_1_188' title='bbox 608 2168 669 2222; x_wconf 82' lang='lat' dir='ltr'>et</span> <span class='ocrx_word' id='word_1_189' title='bbox 706 2162 858 2222; x_wconf 82' lang='lat' dir='ltr'>same</span> <span class='ocrx_word' id='word_1_190' title='bbox 904 2161 1327 2222; x_wconf 75' lang='lat' dir='ltr'>liberaverunt.</span> <span class='ocrx_word' id='word_1_191' title='bbox 1431 2153 1492 2196; x_wconf 82' lang='lat'>²⁰</span> <span class='ocrx_word' id='word_1_192' title='bbox 1505 2159 1654 2232; x_wconf 85' lang='lat' dir='ltr'>Rex,</span> <span class='ocrx_word' id='word_1_193' title='bbox 1691 2157 1940 2236; x_wconf 83' lang='lat' dir='ltr'>gratiam</span> <span class='ocrx_word' id='word_1_194' title='bbox 1982 2159 2097 2220; x_wconf 86' lang='lat' dir='ltr'>sibi</span> <span class='ocrx_word' id='word_1_195' title='bbox 2134 2159 2380 2220; x_wconf 80' lang='lat' dir='ltr'>relatam</span> <span class='ocrx_word' id='word_1_196' title='bbox 2423 2179 2462 2218; x_wconf 83' lang='lat' dir='ltr'>a</span> <span class='ocrx_word' id='word_1_197' title='bbox 2493 2159 2610 2237; x_wconf 68' lang='lat' dir='ltr'>Sy-</span> 
     </span>
     <span class='ocr_line' id='line_1_20' title="bbox 78 2254 2612 2342; baseline -0.002 -22"><span class='ocrx_word' id='word_1_198' title='bbox 78 2259 351 2321; x_wconf 68' lang='lat' dir='ltr'>simithre</span> <span class='ocrx_word' id='word_1_199' title='bbox 395 2261 718 2342; x_wconf 74' lang='lat' dir='ltr'>praefatae,</span> <span class='ocrx_word' id='word_1_200' title='bbox 775 2279 883 2320; x_wconf 78' lang='lat' dir='ltr'>sex</span> <span class='ocrx_word' id='word_1_201' title='bbox 930 2258 1161 2320; x_wconf 86' lang='lat' dir='ltr'>dierum</span> <span class='ocrx_word' id='word_1_202' title='bbox 1208 2261 1387 2318; x_wconf 83' lang='lat' dir='ltr'>cocta</span> <span class='ocrx_word' id='word_1_203' title='bbox 1429 2255 1655 2318; x_wconf 82' lang='lat' dir='ltr'>cibaria</span> <span class='ocrx_word' id='word_1_204' title='bbox 1700 2255 1862 2316; x_wconf 82' lang='lat' dir='ltr'>serre</span> <span class='ocrx_word' id='word_1_205' title='bbox 1906 2255 2126 2317; x_wconf 85' lang='lat' dir='ltr'>milites</span> <span class='ocrx_word' id='word_1_206' title='bbox 2171 2254 2361 2331; x_wconf 88' lang='lat' dir='ltr'>iussit,</span> <span class='ocrx_word' id='word_1_207' title='bbox 2409 2255 2612 2334; x_wconf 67' lang='lat' dir='ltr'>Sagun</span> 
     </span>
     <span class='ocr_line' id='line_1_21' title="bbox 86 2351 2608 2436; baseline -0.001 -20"><span class='ocrx_word' id='word_1_208' title='bbox 86 2363 314 2436; x_wconf 57' lang='lat' dir='ltr'>petens.</span> <span class='ocrx_word' id='word_1_209' title='bbox 392 2360 611 2418; x_wconf 77' lang='lat' dir='ltr'>Totam</span> <span class='ocrx_word' id='word_1_210' title='bbox 670 2357 821 2416; x_wconf 85' lang='lat' dir='ltr'>hanc</span> <span class='ocrx_word' id='word_1_211' title='bbox 872 2354 1182 2434; x_wconf 78' lang='lat' dir='ltr'>regionem</span> <span class='ocrx_word' id='word_1_212' title='bbox 1236 2352 1660 2432; x_wconf 72' lang='lat' dir='ltr'>depopulatae,</span> <span class='ocrx_word' id='word_1_213' title='bbox 1719 2352 1922 2412; x_wconf 87' lang='lat' dir='ltr'>XXX</span> <span class='ocrx_word' id='word_1_214' title='bbox 1976 2351 2143 2414; x_wconf 78' lang='lat' dir='ltr'>milia</span> <span class='ocrx_word' id='word_1_215' title='bbox 2191 2359 2487 2431; x_wconf 83' lang='lat' dir='ltr'>pecorum</span> <span class='ocrx_word' id='word_1_216' title='bbox 2527 2371 2608 2424; x_wconf 66' lang='lat' dir='ltr'>ex</span> 
     </span>
    </p>
   </div>
   <div class='ocr_carea' id='block_1_3' title="bbox 106 2451 2608 2628">
    <p class='ocr_par' dir='ltr' id='par_1_3' title="bbox 106 2451 2608 2628">
     <span class='ocr_line' id='line_1_22' title="bbox 106 2451 1062 2534; baseline -0.001 -21"><span class='ocrx_word' id='word_1_217' title='bbox 106 2455 315 2531; x_wconf 57' lang='lat' dir='ltr'>praeda</span> <span class='ocrx_word' id='word_1_218' title='bbox 354 2453 695 2534; x_wconf 82' lang='lat' dir='ltr'>Sysimithri</span> <span class='ocrx_word' id='word_1_219' title='bbox 734 2452 897 2513; x_wconf 90' lang='lat' dir='ltr'>dono</span> <span class='ocrx_word' id='word_1_220' title='bbox 946 2451 1062 2512; x_wconf 87' lang='lat' dir='ltr'>dat.</span> 
     </span>
     <span class='ocr_line' id='line_1_23' title="bbox 259 2544 2608 2628; baseline -0.002 -16"><span class='ocrx_word' id='word_1_221' title='bbox 259 2552 423 2613; x_wconf 85' lang='lat' dir='ltr'>XVI.</span> <span class='ocrx_word' id='word_1_222' title='bbox 488 2544 697 2612; x_wconf 79' lang='lat' dir='ltr'>²¹lnde</span> <span class='ocrx_word' id='word_1_223' title='bbox 737 2548 1011 2628; x_wconf 83' lang='lat' dir='ltr'>pervenit</span> <span class='ocrx_word' id='word_1_224' title='bbox 1048 2545 1109 2606; x_wconf 83' lang='lat' dir='ltr'>in</span> <span class='ocrx_word' id='word_1_225' title='bbox 1153 2546 1479 2625; x_wconf 82' lang='lat' dir='ltr'>regionem,</span> <span class='ocrx_word' id='word_1_226' title='bbox 1539 2546 1638 2607; x_wconf 85' lang='lat' dir='ltr'>cui</span> <span class='ocrx_word' id='word_1_227' title='bbox 1678 2548 1996 2625; x_wconf 76' lang='lat' dir='ltr'>Oxyartes,</span> <span class='ocrx_word' id='word_1_228' title='bbox 2049 2551 2320 2625; x_wconf 75' lang='lat' dir='ltr'>satrapes</span> <span class='ocrx_word' id='word_1_229' title='bbox 2361 2546 2608 2622; x_wconf 83' lang='lat' dir='ltr'>nobilis,</span> 
     </span>
    </p>
   </div>
   <div class='ocr_carea' id='block_1_4' title="bbox 103 2773 2602 2935">
    <p class='ocr_par' dir='ltr' id='par_1_4' title="bbox 103 2773 2602 2935">
     <span class='ocr_line' id='line_1_24' title="bbox 111 2773 2599 2857; baseline -0.004 -1"><span class='ocrx_word' id='word_1_230' title='bbox 111 2805 435 2856; x_wconf 84' lang='lat' dir='ltr'>schriebenen</span> <span class='ocrx_word' id='word_1_231' title='bbox 465 2807 780 2857; x_wconf 83' lang='lat' dir='ltr'>Unwetters.</span> <span class='ocrx_word' id='word_1_232' title='bbox 825 2829 880 2840; x_wconf 88' lang='lat'>—</span> <span class='ocrx_word' id='word_1_233' title='bbox 928 2773 1286 2850; x_wconf 64' lang='lat' dir='ltr'>duomilia.</span> <span class='ocrx_word' id='word_1_234' title='bbox 1328 2800 1405 2848; x_wconf 89' lang='lat' dir='ltr'>F.:</span> <span class='ocrx_word' id='word_1_235' title='bbox 1442 2796 1597 2845; x_wconf 77' lang='lat' dir='ltr'>mille.</span> <span class='ocrx_word' id='word_1_236' title='bbox 1644 2824 1698 2833; x_wconf 89' lang='lat'><strong>—</strong></span> <span class='ocrx_word' id='word_1_237' title='bbox 1761 2794 1814 2855; x_wconf 88' lang='lat'>8,</span> <span class='ocrx_word' id='word_1_238' title='bbox 1860 2794 1937 2857; x_wconf 92' lang='lat'>15,</span> <span class='ocrx_word' id='word_1_239' title='bbox 1982 2794 2060 2844; x_wconf 74' lang='lat'>14.</span> <span class='ocrx_word' id='word_1_240' title='bbox 2113 2794 2384 2844; x_wconf 75' lang='lat' dir='ltr'>Habitu.</span> <span class='ocrx_word' id='word_1_241' title='bbox 2445 2798 2497 2848; x_wconf 89' lang='lat' dir='ltr'>S.</span> <span class='ocrx_word' id='word_1_242' title='bbox 2533 2811 2599 2846; x_wconf 91' lang='lat' dir='ltr'>zu</span> 
     </span>
     <span class='ocr_line' id='line_1_25' title="bbox 103 2862 2602 2935; baseline -0.005 -11"><span class='ocrx_word' id='word_1_243' title='bbox 103 2872 147 2935; x_wconf 87' lang='lat'>3,</span> <span class='ocrx_word' id='word_1_244' title='bbox 184 2869 230 2932; x_wconf 85' lang='lat'>6,</span> <span class='ocrx_word' id='word_1_245' title='bbox 268 2870 311 2923; x_wconf 86' lang='lat'>3.</span> <span class='ocrx_word' id='word_1_246' title='bbox 351 2900 407 2910; x_wconf 92' lang='lat'>--</span> <span class='ocrx_word' id='word_1_247' title='bbox 474 2872 528 2933; x_wconf 90' lang='grc'>8,</span> <span class='ocrx_word' id='word_1_248' title='bbox 568 2870 647 2935; x_wconf 84' lang='grc'>15,</span> <span class='ocrx_word' id='word_1_249' title='bbox 688 2870 766 2921; x_wconf 85' lang='lat'>15.</span> <span class='ocrx_word' id='word_1_250' title='bbox 822 2870 1032 2935; x_wconf 76' lang='lat' dir='ltr'>Seque</span> <span class='ocrx_word' id='word_1_251' title='bbox 1071 2875 1127 2915; x_wconf 77' lang='lat' dir='ltr'>et</span> <span class='ocrx_word' id='word_1_252' title='bbox 1175 2882 1358 2915; x_wconf 83' lang='lat' dir='ltr'>arma</span> <span class='ocrx_word' id='word_1_253' title='bbox 1410 2870 1829 2913; x_wconf 76' lang='lat' dir='ltr'>sustentans.</span> <span class='ocrx_word' id='word_1_254' title='bbox 1907 2862 2082 2912; x_wconf 88' lang='lat' dir='ltr'>Ueber</span> <span class='ocrx_word' id='word_1_255' title='bbox 2125 2863 2214 2912; x_wconf 86' lang='lat' dir='ltr'>die</span> <span class='ocrx_word' id='word_1_256' title='bbox 2257 2862 2602 2927; x_wconf 82' lang='lat' dir='ltr'>Verbindung</span> 
     </span>
    </p>
   </div>
   <div class='ocr_carea' id='block_1_5' title="bbox 92 2926 2604 3139">
    <p class='ocr_par' dir='ltr' id='par_1_5' title="bbox 92 2926 2604 3139">
     <span class='ocr_line' id='line_1_26' title="bbox 100 2926 2596 3007; baseline -0.006 -14"><span class='ocrx_word' id='word_1_257' title='bbox 100 2942 261 2993; x_wconf 85' lang='lat' dir='ltr'>durch</span> <span class='ocrx_word' id='word_1_258' title='bbox 299 2957 391 3007; x_wconf 76' lang='lat' dir='ltr'>que</span> <span class='ocrx_word' id='word_1_259' title='bbox 422 2945 471 2990; x_wconf 79' lang='lat' dir='ltr'>et</span> <span class='ocrx_word' id='word_1_260' title='bbox 502 2955 553 2991; x_wconf 88' lang='lat' dir='ltr'>·s.</span> <span class='ocrx_word' id='word_1_261' title='bbox 596 2938 733 2999; x_wconf 73' lang='lat'>2113,</span> <span class='ocrx_word' id='word_1_262' title='bbox 761 2936 839 3001; x_wconf 85' lang='grc'>18,</span> <span class='ocrx_word' id='word_1_263' title='bbox 880 2936 956 2987; x_wconf 90' lang='grc'>11.</span> <span class='ocrx_word' id='word_1_264' title='bbox 1026 2936 1443 2985; x_wconf 70' lang='lat' dir='ltr'>sustentare</span> <span class='ocrx_word' id='word_1_265' title='bbox 1482 2946 1676 2981; x_wconf 79' lang='lat' dir='ltr'>arma</span> <span class='ocrx_word' id='word_1_266' title='bbox 1711 2932 1784 2985; x_wconf 78' lang='lat' dir='ltr'>ist</span> <span class='ocrx_word' id='word_1_267' title='bbox 1813 2934 2018 2993; x_wconf 74' lang='lat' dir='ltr'>gesugt,</span> <span class='ocrx_word' id='word_1_268' title='bbox 2052 2931 2156 2981; x_wconf 82' lang='lat' dir='ltr'>wie</span> <span class='ocrx_word' id='word_1_269' title='bbox 2191 2944 2239 2982; x_wconf 81' lang='lat' dir='ltr'>z.</span> <span class='ocrx_word' id='word_1_270' title='bbox 2261 2931 2316 2979; x_wconf 89' lang='lat' dir='ltr'>B.</span> <span class='ocrx_word' id='word_1_271' title='bbox 2355 2926 2486 2989; x_wconf 74' lang='lat'>6,·2,</span> <span class='ocrx_word' id='word_1_272' title='bbox 2509 2928 2596 2981; x_wconf 82' lang='lat'>11:</span> 
     </span>
     <span class='ocr_line' id='line_1_27' title="bbox 99 2994 2598 3063; baseline -0.006 -4"><span class='ocrx_word' id='word_1_273' title='bbox 99 3008 365 3059; x_wconf 73' lang='lat' dir='ltr'>lubrica</span> <span class='ocrx_word' id='word_1_274' title='bbox 403 3024 591 3058; x_wconf 80' lang='lat' dir='ltr'>arma</span> <span class='ocrx_word' id='word_1_275' title='bbox 630 3006 815 3057; x_wconf 76' lang='lat' dir='ltr'>sudore</span> <span class='ocrx_word' id='word_1_276' title='bbox 846 3004 960 3055; x_wconf 75' lang='grc' dir='ltr'>υἰω</span> <span class='ocrx_word' id='word_1_277' title='bbox 994 3002 1369 3052; x_wconf 73' lang='lat' dir='ltr'>sustinens.</span> <span class='ocrx_word' id='word_1_278' title='bbox 1428 3003 1534 3052; x_wconf 87' lang='lat' dir='ltr'>Liv.</span> <span class='ocrx_word' id='word_1_279' title='bbox 1573 2997 1655 3060; x_wconf 74' lang='lat'>23,</span> <span class='ocrx_word' id='word_1_280' title='bbox 1687 2996 1772 3058; x_wconf 78' lang='lat'>45,</span> <span class='ocrx_word' id='word_1_281' title='bbox 1814 2994 1874 3047; x_wconf 84' lang='lat'>3:</span> <span class='ocrx_word' id='word_1_282' title='bbox 1919 2996 2167 3063; x_wconf 74' lang='lat' dir='ltr'>reliquias</span> <span class='ocrx_word' id='word_1_283' title='bbox 2205 2995 2416 3045; x_wconf 75' lang='lat' dir='ltr'>illorum</span> <span class='ocrx_word' id='word_1_284' title='bbox 2453 2997 2598 3045; x_wconf 75' lang='lat' dir='ltr'>viro-</span> 
     </span>
     <span class='ocr_line' id='line_1_28' title="bbox 92 3062 2604 3139; baseline -0.005 -12"><span class='ocrx_word' id='word_1_285' title='bbox 92 3095 215 3139; x_wconf 82' lang='lat' dir='ltr'>rum,</span> <span class='ocrx_word' id='word_1_286' title='bbox 272 3076 384 3126; x_wconf 72' lang='lat' dir='ltr'>via:</span> <span class='ocrx_word' id='word_1_287' title='bbox 436 3092 628 3127; x_wconf 83' lang='lat' dir='ltr'>arma</span> <span class='ocrx_word' id='word_1_288' title='bbox 671 3072 1097 3137; x_wconf 80' lang='lat' dir='ltr'>membraque</span> <span class='ocrx_word' id='word_1_289' title='bbox 1146 3068 1601 3127; x_wconf 73' lang='lat' dir='ltr'>sustinentes,</span> <span class='ocrx_word' id='word_1_290' title='bbox 1661 3080 1906 3133; x_wconf 63' lang='lat' dir='ltr'>pugnare.</span> <span class='ocrx_word' id='word_1_291' title='bbox 2009 3062 2155 3113; x_wconf 88' lang='lat' dir='ltr'>Aber</span> <span class='ocrx_word' id='word_1_292' title='bbox 2201 3064 2298 3114; x_wconf 86' lang='lat' dir='ltr'>der</span> <span class='ocrx_word' id='word_1_293' title='bbox 2351 3062 2604 3114; x_wconf 76' lang='lat' dir='ltr'>Gedanke</span> 
     </span>
    </p>
   </div>
   <div class='ocr_carea' id='block_1_6' title="bbox 86 3132 2604 3348">
    <p class='ocr_par' dir='ltr' id='par_1_6' title="bbox 86 3132 2604 3348">
     <span class='ocr_line' id='line_1_29' title="bbox 91 3132 2602 3202; baseline -0.006 -4"><span class='ocrx_word' id='word_1_294' title='bbox 91 3148 297 3198; x_wconf 85' lang='lat' dir='ltr'>scheint</span> <span class='ocrx_word' id='word_1_295' title='bbox 330 3145 465 3195; x_wconf 89' lang='lat' dir='ltr'>eben</span> <span class='ocrx_word' id='word_1_296' title='bbox 503 3145 642 3194; x_wconf 81' lang='lat' dir='ltr'>auch</span> <span class='ocrx_word' id='word_1_297' title='bbox 678 3144 807 3202; x_wconf 83' lang='lat' dir='ltr'>hier,</span> <span class='ocrx_word' id='word_1_298' title='bbox 858 3142 959 3190; x_wconf 89' lang='lat' dir='ltr'>wie</span> <span class='ocrx_word' id='word_1_299' title='bbox 994 3141 1045 3188; x_wconf 83' lang='lat' dir='ltr'>in</span> <span class='ocrx_word' id='word_1_300' title='bbox 1083 3140 1185 3189; x_wconf 88' lang='lat' dir='ltr'>den</span> <span class='ocrx_word' id='word_1_301' title='bbox 1239 3136 1588 3200; x_wconf 80' lang='lat' dir='ltr'>angeffihrten</span> <span class='ocrx_word' id='word_1_302' title='bbox 1623 3136 1837 3193; x_wconf 73' lang='lat' dir='ltr'>stenen,</span> <span class='ocrx_word' id='word_1_303' title='bbox 1890 3134 2010 3184; x_wconf 87' lang='lat' dir='ltr'>eine</span> <span class='ocrx_word' id='word_1_304' title='bbox 2045 3132 2456 3194; x_wconf 83' lang='lat' dir='ltr'>Beschra&#39;nkung</span> <span class='ocrx_word' id='word_1_305' title='bbox 2503 3132 2602 3183; x_wconf 90' lang='lat' dir='ltr'>des</span> 
     </span>
     <span class='ocr_line' id='line_1_30' title="bbox 90 3201 2604 3274; baseline -0.006 -11"><span class='ocrx_word' id='word_1_306' title='bbox 90 3220 375 3264; x_wconf 72' lang='lat' dir='ltr'>sustentans</span> <span class='ocrx_word' id='word_1_307' title='bbox 410 3228 475 3263; x_wconf 88' lang='lat' dir='ltr'>zu</span> <span class='ocrx_word' id='word_1_308' title='bbox 513 3212 819 3274; x_wconf 69' lang='lat' dir='ltr'>vei-langen,</span> <span class='ocrx_word' id='word_1_309' title='bbox 879 3208 989 3259; x_wconf 88' lang='lat' dir='ltr'>und</span> <span class='ocrx_word' id='word_1_310' title='bbox 1025 3206 1289 3257; x_wconf 79' lang='lat' dir='ltr'>vielleicht</span> <span class='ocrx_word' id='word_1_311' title='bbox 1328 3206 1399 3255; x_wconf 85' lang='lat' dir='ltr'>ist</span> <span class='ocrx_word' id='word_1_312' title='bbox 1436 3205 1606 3254; x_wconf 82' lang='lat' dir='ltr'>daher</span> <span class='ocrx_word' id='word_1_313' title='bbox 1637 3202 2022 3263; x_wconf 82' lang='lat' dir='ltr'>anzunehmen,</span> <span class='ocrx_word' id='word_1_314' title='bbox 2079 3201 2207 3252; x_wconf 84' lang='lat' dir='ltr'>dass</span> <span class='ocrx_word' id='word_1_315' title='bbox 2257 3215 2458 3265; x_wconf 71' lang='lat' dir='ltr'>aeyre</span> <span class='ocrx_word' id='word_1_316' title='bbox 2503 3214 2604 3249; x_wconf 83' lang='lat' dir='ltr'>vor</span> 
     </span>
     <span class='ocr_line' id='line_1_31' title="bbox 86 3270 1874 3348; baseline -0.006 -17"><span class='ocrx_word' id='word_1_317' title='bbox 86 3298 233 3348; x_wconf 77' lang='lat' dir='ltr'>seque</span> <span class='ocrx_word' id='word_1_318' title='bbox 268 3280 585 3343; x_wconf 76' lang='lat' dir='ltr'>ausgel&#39;allen</span> <span class='ocrx_word' id='word_1_319' title='bbox 621 3280 714 3329; x_wconf 84' lang='lat' dir='ltr'>sei.</span> <span class='ocrx_word' id='word_1_320' title='bbox 764 3303 821 3313; x_wconf 89' lang='lat'><em>-</em></span> <span class='ocrx_word' id='word_1_321' title='bbox 870 3274 1296 3325; x_wconf 68' lang='lat' dir='ltr'>cummaxime.</span> <span class='ocrx_word' id='word_1_322' title='bbox 1352 3274 1438 3323; x_wconf 60' lang='lat'>1⁴2:</span> <span class='ocrx_word' id='word_1_323' title='bbox 1478 3279 1600 3323; x_wconf 76' lang='lat' dir='ltr'>tunc</span> <span class='ocrx_word' id='word_1_324' title='bbox 1636 3270 1874 3321; x_wconf 73' lang='lat' dir='ltr'>maoeime.</span> 
     </span>
    </p>
   </div>
   <div class='ocr_carea' id='block_1_7' title="bbox 81 3358 2606 3935">
    <p class='ocr_par' dir='ltr' id='par_1_7' title="bbox 81 3358 2606 3707">
     <span class='ocr_line' id='line_1_32' title="bbox 221 3358 2602 3435; baseline -0.006 -13"><span class='ocrx_word' id='word_1_325' title='bbox 221 3370 277 3431; x_wconf 88' lang='grc'>8,</span> <span class='ocrx_word' id='word_1_326' title='bbox 313 3368 396 3431; x_wconf 87' lang='grc'>15,</span> <span class='ocrx_word' id='word_1_327' title='bbox 442 3369 518 3421; x_wconf 90' lang='lat'>17.</span> <span class='ocrx_word' id='word_1_328' title='bbox 603 3366 909 3435; x_wconf 72' lang='lat' dir='ltr'>Capital.</span> <span class='ocrx_word' id='word_1_329' title='bbox 959 3367 1037 3414; x_wconf 87' lang='lat' dir='ltr'>F.·:</span> <span class='ocrx_word' id='word_1_330' title='bbox 1080 3360 1320 3431; x_wconf 77' lang='lat' dir='ltr'>capitale.</span> <span class='ocrx_word' id='word_1_331' title='bbox 1394 3363 1566 3425; x_wconf 86' lang='lat' dir='ltr'>Vergl.</span> <span class='ocrx_word' id='word_1_332' title='bbox 1607 3363 1663 3411; x_wconf 91' lang='lat' dir='ltr'>C.</span> <span class='ocrx_word' id='word_1_333' title='bbox 1699 3359 1753 3422; x_wconf 89' lang='grc'>8,</span> <span class='ocrx_word' id='word_1_334' title='bbox 1786 3359 1868 3424; x_wconf 86' lang='grc'>33,</span> <span class='ocrx_word' id='word_1_335' title='bbox 1906 3358 2003 3410; x_wconf 80' lang='lat'>34:</span> <span class='ocrx_word' id='word_1_336' title='bbox 2059 3358 2288 3418; x_wconf 80' lang='lat' dir='ltr'>arbores,</span> <span class='ocrx_word' id='word_1_337' title='bbox 2326 3374 2453 3424; x_wconf 78' lang='lat' dir='ltr'>quas</span> <span class='ocrx_word' id='word_1_338' title='bbox 2486 3358 2602 3407; x_wconf 78' lang='lat' dir='ltr'>vio-</span> 
     </span>
     <span class='ocr_line' id='line_1_33' title="bbox 89 3426 2603 3505; baseline -0.005 -15"><span class='ocrx_word' id='word_1_339' title='bbox 89 3442 199 3491; x_wconf 82' lang='lat' dir='ltr'>lare</span> <span class='ocrx_word' id='word_1_340' title='bbox 240 3433 512 3505; x_wconf 74' lang='lat' dir='ltr'>capital</span> <span class='ocrx_word' id='word_1_341' title='bbox 566 3445 674 3487; x_wconf 76' lang='lat' dir='ltr'>est.</span> <span class='ocrx_word' id='word_1_342' title='bbox 749 3438 933 3490; x_wconf 77' lang='lat' dir='ltr'>Dieses</span> <span class='ocrx_word' id='word_1_343' title='bbox 971 3434 1144 3491; x_wconf 82' lang='lat' dir='ltr'>Wort‚</span> <span class='ocrx_word' id='word_1_344' title='bbox 1202 3431 1349 3480; x_wconf 86' lang='lat' dir='ltr'>nieht</span> <span class='ocrx_word' id='word_1_345' title='bbox 1394 3432 1513 3479; x_wconf 85' lang='lat' dir='ltr'>eine</span> <span class='ocrx_word' id='word_1_346' title='bbox 1550 3429 1869 3492; x_wconf 75' lang='lat' dir='ltr'>Abkurzung</span> <span class='ocrx_word' id='word_1_347' title='bbox 1909 3442 2018 3478; x_wconf 75' lang='lat' dir='ltr'>von</span> <span class='ocrx_word' id='word_1_348' title='bbox 2067 3426 2306 3493; x_wconf 70' lang='lat' dir='ltr'>capitale,</span> <span class='ocrx_word' id='word_1_349' title='bbox 2366 3427 2603 3477; x_wconf 84' lang='lat' dir='ltr'>sondern</span> 
     </span>
     <span class='ocr_line' id='line_1_34' title="bbox 86 3495 2606 3571; baseline -0.006 -12"><span class='ocrx_word' id='word_1_350' title='bbox 86 3512 204 3560; x_wconf 87' lang='lat' dir='ltr'>eine</span> <span class='ocrx_word' id='word_1_351' title='bbox 236 3506 667 3571; x_wconf 70' lang='lat' dir='ltr'>selbststandige,</span> <span class='ocrx_word' id='word_1_352' title='bbox 723 3518 827 3553; x_wconf 88' lang='lat' dir='ltr'>von</span> <span class='ocrx_word' id='word_1_353' title='bbox 868 3504 1046 3565; x_wconf 87' lang='lat' dir='ltr'>jenem</span> <span class='ocrx_word' id='word_1_354' title='bbox 1082 3514 1213 3563; x_wconf 81' lang='lat' dir='ltr'>ganz</span> <span class='ocrx_word' id='word_1_355' title='bbox 1254 3498 1622 3559; x_wconf 72' lang='lat' dir='ltr'>unabba&#39;ngige</span> <span class='ocrx_word' id='word_1_356' title='bbox 1660 3496 1828 3558; x_wconf 85' lang='lat' dir='ltr'>Form,</span> <span class='ocrx_word' id='word_1_357' title='bbox 1889 3498 1959 3546; x_wconf 87' lang='lat' dir='ltr'>ist</span> <span class='ocrx_word' id='word_1_358' title='bbox 1993 3495 2336 3544; x_wconf 85' lang='lat' dir='ltr'>unmittelbar</span> <span class='ocrx_word' id='word_1_359' title='bbox 2371 3508 2469 3543; x_wconf 83' lang='lat' dir='ltr'>aus</span> <span class='ocrx_word' id='word_1_360' title='bbox 2507 3495 2606 3544; x_wconf 87' lang='lat' dir='ltr'>der</span> 
     </span>
     <span class='ocr_line' id='line_1_35' title="bbox 81 3562 2602 3641; baseline -0.007 -14"><span class='ocrx_word' id='word_1_361' title='bbox 81 3574 459 3641; x_wconf 82' lang='lat' dir='ltr'>gerichtliehen</span> <span class='ocrx_word' id='word_1_362' title='bbox 496 3574 733 3636; x_wconf 82' lang='lat' dir='ltr'>Sprache</span> <span class='ocrx_word' id='word_1_363' title='bbox 766 3573 1256 3633; x_wconf 82' lang='lat' dir='ltr'>hervorgegangen,</span> <span class='ocrx_word' id='word_1_364' title='bbox 1314 3566 1365 3614; x_wconf 85' lang='lat' dir='ltr'>in</span> <span class='ocrx_word' id='word_1_365' title='bbox 1406 3566 1504 3614; x_wconf 90' lang='lat' dir='ltr'>der</span> <span class='ocrx_word' id='word_1_366' title='bbox 1543 3566 1658 3613; x_wconf 85' lang='lat' dir='ltr'>sein</span> <span class='ocrx_word' id='word_1_367' title='bbox 1701 3564 1982 3613; x_wconf 82' lang='lat' dir='ltr'>Gebrauch</span> <span class='ocrx_word' id='word_1_368' title='bbox 2020 3576 2152 3627; x_wconf 80' lang='lat' dir='ltr'>ganz</span> <span class='ocrx_word' id='word_1_369' title='bbox 2199 3562 2460 3611; x_wconf 79' lang='lat' dir='ltr'>feststeht.</span> <span class='ocrx_word' id='word_1_370' title='bbox 2531 3563 2602 3610; x_wconf 91' lang='lat' dir='ltr'>So</span> 
     </span>
     <span class='ocr_line' id='line_1_36' title="bbox 85 3629 1724 3707; baseline -0.01 -12"><span class='ocrx_word' id='word_1_371' title='bbox 85 3648 191 3695; x_wconf 80' lang='lat' dir='ltr'>Cic.</span> <span class='ocrx_word' id='word_1_372' title='bbox 235 3644 304 3693; x_wconf 86' lang='lat' dir='ltr'>de</span> <span class='ocrx_word' id='word_1_373' title='bbox 338 3644 467 3707; x_wconf 82' lang='lat' dir='ltr'>legg.</span> <span class='ocrx_word' id='word_1_374' title='bbox 500 3638 553 3701; x_wconf 80' lang='lat'>2,</span> <span class='ocrx_word' id='word_1_375' title='bbox 588 3638 640 3702; x_wconf 89' lang='grc'>8,</span> <span class='ocrx_word' id='word_1_376' title='bbox 678 3638 775 3689; x_wconf 77' lang='lat'>21:</span> <span class='ocrx_word' id='word_1_377' title='bbox 817 3637 905 3704; x_wconf 72' lang='lat' dir='ltr'>qui</span> <span class='ocrx_word' id='word_1_378' title='bbox 941 3652 1043 3684; x_wconf 79' lang='lat' dir='ltr'>non</span> <span class='ocrx_word' id='word_1_379' title='bbox 1073 3632 1323 3700; x_wconf 76' lang='lat' dir='ltr'>paruerit,</span> <span class='ocrx_word' id='word_1_380' title='bbox 1367 3629 1569 3698; x_wconf 78' lang='lat' dir='ltr'>capital</span> <span class='ocrx_word' id='word_1_381' title='bbox 1603 3638 1724 3680; x_wconf 75' lang='lat' dir='ltr'>esto.</span> 
     </span>
    </p>

    <p class='ocr_par' dir='ltr' id='par_1_8' title="bbox 81 3716 2604 3935">
     <span class='ocr_line' id='line_1_37' title="bbox 217 3716 2604 3795; baseline -0.005 -12"><span class='ocrx_word' id='word_1_382' title='bbox 217 3732 269 3794; x_wconf 81' lang='lat'>8,</span> <span class='ocrx_word' id='word_1_383' title='bbox 309 3732 387 3795; x_wconf 83' lang='lat'>15,</span> <span class='ocrx_word' id='word_1_384' title='bbox 433 3728 513 3781; x_wconf 87' lang='grc'>19.</span> <span class='ocrx_word' id='word_1_385' title='bbox 588 3730 985 3795; x_wconf 74' lang='lat' dir='ltr'>Pecoraque</span> <span class='ocrx_word' id='word_1_386' title='bbox 1034 3732 1097 3775; x_wconf 75' lang='lat' dir='ltr'>et</span> <span class='ocrx_word' id='word_1_387' title='bbox 1142 3728 1481 3783; x_wconf 77' lang='lat' dir='ltr'>armenta,</span> <span class='ocrx_word' id='word_1_388' title='bbox 1539 3722 1641 3771; x_wconf 85' lang='lat' dir='ltr'>wie</span> <span class='ocrx_word' id='word_1_389' title='bbox 1681 3718 1728 3781; x_wconf 83' lang='lat'>9,</span> <span class='ocrx_word' id='word_1_390' title='bbox 1767 3718 1853 3779; x_wconf 75' lang='lat'>34,</span> <span class='ocrx_word' id='word_1_391' title='bbox 1894 3716 1985 3769; x_wconf 81' lang='lat'>29:</span> <span class='ocrx_word' id='word_1_392' title='bbox 2039 3736 2254 3787; x_wconf 67' lang='lat' dir='ltr'>”myrtae</span> <span class='ocrx_word' id='word_1_393' title='bbox 2290 3718 2408 3769; x_wconf 72' lang='lat' dir='ltr'>inde</span> <span class='ocrx_word' id='word_1_394' title='bbox 2440 3736 2604 3787; x_wconf 79' lang='lat' dir='ltr'>prae-</span> 
     </span>
     <span class='ocr_line' id='line_1_38' title="bbox 82 3789 2602 3865; baseline -0.005 -14"><span class='ocrx_word' id='word_1_395' title='bbox 82 3804 369 3853; x_wconf 63' lang='lat' dir='ltr'>dae‘actae</span> <span class='ocrx_word' id='word_1_396' title='bbox 402 3806 519 3849; x_wconf 75' lang='lat' dir='ltr'>sunt</span> <span class='ocrx_word' id='word_1_397' title='bbox 554 3814 863 3865; x_wconf 81' lang='lat' dir='ltr'>pecorum</span> <span class='ocrx_word' id='word_1_398' title='bbox 896 3800 1492 3859; x_wconf 66' lang='lat' dir='ltr'>armentorumque.</span> <span class='ocrx_word' id='word_1_399' title='bbox 1559 3790 1684 3838; x_wconf 85' lang='lat' dir='ltr'>Hier</span> <span class='ocrx_word' id='word_1_400' title='bbox 1723 3791 1862 3837; x_wconf 81' lang='lat' dir='ltr'>kann</span> <span class='ocrx_word' id='word_1_401' title='bbox 1901 3804 2160 3853; x_wconf 81' lang='lat' dir='ltr'>pecora</span> <span class='ocrx_word' id='word_1_402' title='bbox 2188 3790 2465 3839; x_wconf 86' lang='lat' dir='ltr'>entweder</span> <span class='ocrx_word' id='word_1_403' title='bbox 2497 3789 2602 3839; x_wconf 82' lang='lat' dir='ltr'>all-</span> 
     </span>
     <span class='ocr_line' id='line_1_39' title="bbox 81 3856 2604 3935; baseline -0.006 -15"><span class='ocrx_word' id='word_1_404' title='bbox 81 3872 296 3935; x_wconf 86' lang='lat' dir='ltr'>gemein</span> <span class='ocrx_word' id='word_1_405' title='bbox 332 3882 440 3919; x_wconf 86' lang='lat' dir='ltr'>von</span> <span class='ocrx_word' id='word_1_406' title='bbox 472 3868 629 3929; x_wconf 67' lang='lat' dir='ltr'>,feder</span> <span class='ocrx_word' id='word_1_407' title='bbox 664 3868 895 3928; x_wconf 86' lang='lat' dir='ltr'>Gattung</span> <span class='ocrx_word' id='word_1_408' title='bbox 931 3864 1028 3913; x_wconf 88' lang='lat' dir='ltr'>dcs</span> <span class='ocrx_word' id='word_1_409' title='bbox 1064 3876 1104 3912; x_wconf 90' lang='lat' dir='ltr'>S.</span> <span class='ocrx_word' id='word_1_410' title='bbox 1143 3875 1189 3924; x_wconf 80' lang='lat' dir='ltr'>g.</span> <span class='ocrx_word' id='word_1_411' title='bbox 1228 3860 1464 3909; x_wconf 84' lang='lat' dir='ltr'>kleinern</span> <span class='ocrx_word' id='word_1_412' title='bbox 1497 3858 1691 3907; x_wconf 86' lang='lat' dir='ltr'>Viehes</span> <span class='ocrx_word' id='word_1_413' title='bbox 1723 3856 2052 3905; x_wconf 65' lang='lat' dir='ltr'>vet-stamen</span> <span class='ocrx_word' id='word_1_414' title='bbox 2088 3856 2327 3919; x_wconf 87' lang='lat' dir='ltr'>werden,</span> <span class='ocrx_word' id='word_1_415' title='bbox 2359 3858 2494 3907; x_wconf 86' lang='lat' dir='ltr'>oder</span> <span class='ocrx_word' id='word_1_416' title='bbox 2528 3858 2604 3906; x_wconf 90' lang='lat' dir='ltr'>im</span> 
     </span>
    </p>
   </div>
   <div class='ocr_carea' id='block_1_8' title="bbox 82 3920 2604 4067">
    <p class='ocr_par' dir='ltr' id='par_1_9' title="bbox 82 3920 2604 4067">
     <span class='ocr_line' id='line_1_40' title="bbox 82 3920 2604 3997; baseline -0.006 -8"><span class='ocrx_word' id='word_1_417' title='bbox 82 3936 397 3989; x_wconf 88' lang='lat' dir='ltr'>Besondern</span> <span class='ocrx_word' id='word_1_418' title='bbox 435 3949 543 3985; x_wconf 85' lang='lat' dir='ltr'>von</span> <span class='ocrx_word' id='word_1_419' title='bbox 584 3934 824 3993; x_wconf 78' lang='lat' dir='ltr'>Schafen,</span> <span class='ocrx_word' id='word_1_420' title='bbox 875 3932 977 3982; x_wconf 87' lang='lat' dir='ltr'>wie</span> <span class='ocrx_word' id='word_1_421' title='bbox 1019 3944 1173 3997; x_wconf 78' lang='lat' dir='ltr'>pecus</span> <span class='ocrx_word' id='word_1_422' title='bbox 1224 3927 1481 3976; x_wconf 86' lang='lat' dir='ltr'>zuweilen</span> <span class='ocrx_word' id='word_1_423' title='bbox 1529 3937 1848 3989; x_wconf 82' lang='lat' dir='ltr'>genommen</span> <span class='ocrx_word' id='word_1_424' title='bbox 1889 3924 2037 3974; x_wconf 89' lang='lat' dir='ltr'>wird.</span> <span class='ocrx_word' id='word_1_425' title='bbox 2118 3924 2167 3974; x_wconf 91' lang='lat' dir='ltr'>S.</span> <span class='ocrx_word' id='word_1_426' title='bbox 2209 3938 2276 3973; x_wconf 90' lang='lat' dir='ltr'>zu</span> <span class='ocrx_word' id='word_1_427' title='bbox 2313 3920 2360 3987; x_wconf 86' lang='lat'>8,</span> <span class='ocrx_word' id='word_1_428' title='bbox 2397 3922 2484 3983; x_wconf 79' lang='lat'>43,</span> <span class='ocrx_word' id='word_1_429' title='bbox 2523 3922 2604 3975; x_wconf 89' lang='lat'>11.</span> 
     </span>
     <span class='ocr_line' id='line_1_41' title="bbox 82 3991 2604 4067; baseline -0.005 -12"><span class='ocrx_word' id='word_1_430' title='bbox 82 4005 415 4055; x_wconf 77' lang='lat' dir='ltr'>Armenta</span> <span class='ocrx_word' id='word_1_431' title='bbox 448 4003 685 4067; x_wconf 82' lang='lat' dir='ltr'>dagegen</span> <span class='ocrx_word' id='word_1_432' title='bbox 726 4002 797 4053; x_wconf 88' lang='lat' dir='ltr'>ist</span> <span class='ocrx_word' id='word_1_433' title='bbox 833 4001 931 4051; x_wconf 87' lang='lat' dir='ltr'>das</span> <span class='ocrx_word' id='word_1_434' title='bbox 966 4012 1091 4049; x_wconf 90' lang='lat' dir='ltr'>zum</span> <span class='ocrx_word' id='word_1_435' title='bbox 1128 3996 1345 4059; x_wconf 82' lang='lat' dir='ltr'>Pfliigen</span> <span class='ocrx_word' id='word_1_436' title='bbox 1384 3993 1713 4056; x_wconf 81' lang='lat' dir='ltr'>gebrauchte</span> <span class='ocrx_word' id='word_1_437' title='bbox 1751 3992 2022 4057; x_wconf 84' lang='lat' dir='ltr'>Rindvieh‚</span> <span class='ocrx_word' id='word_1_438' title='bbox 2066 3991 2366 4042; x_wconf 74' lang='lat' dir='ltr'>iumenta</span> <span class='ocrx_word' id='word_1_439' title='bbox 2398 3992 2604 4053; x_wconf 77' lang='lat' dir='ltr'>Pserde.</span> 
     </span>
    </p>
   </div>
   <div class='ocr_carea' id='block_1_9' title="bbox 80 4072 2608 4225">
    <p class='ocr_par' dir='ltr' id='par_1_10' title="bbox 80 4072 2608 4225">
     <span class='ocr_line' id='line_1_42' title="bbox 102 4072 532 4122; baseline -0.007 1"><span class='ocrx_word' id='word_1_440' title='bbox 102 4076 117 4089; x_wconf 67' lang='lat'><strong>¹</strong></span> <span class='ocrx_word' id='word_1_441' title='bbox 317 4072 404 4122; x_wconf 89' lang='lat' dir='ltr'>aul</span> <span class='ocrx_word' id='word_1_442' title='bbox 470 4072 532 4121; x_wconf 91' lang='lat' dir='ltr'>el.</span> 
     </span>
     <span class='ocr_line' id='line_1_43' title="bbox 80 4074 2608 4225; baseline -0.005 -12"><span class='ocrx_word' id='word_1_443' title='bbox 80 4074 525 4223; x_wconf 30' lang='grc' dir='ltr'>1443631,ΘῘΜῙῖῃθεῖια</span> <span class='ocrx_word' id='word_1_444' title='bbox 562 4118 824 4225; x_wconf 62' lang='grc' dir='ltr'>ο,Βαροι</span> <span class='ocrx_word' id='word_1_445' title='bbox 882 4159 966 4207; x_wconf 71' lang='lat' dir='ltr'>R:</span> <span class='ocrx_word' id='word_1_446' title='bbox 1016 4157 1193 4205; x_wconf 82' lang='lat' dir='ltr'>Sacas.</span> <span class='ocrx_word' id='word_1_447' title='bbox 1262 4154 1359 4203; x_wconf 87' lang='lat' dir='ltr'>Die</span> <span class='ocrx_word' id='word_1_448' title='bbox 1396 4151 1666 4203; x_wconf 74' lang='lat' dir='ltr'>friedliehe</span> <span class='ocrx_word' id='word_1_449' title='bbox 1704 4151 2106 4214; x_wconf 75' lang='lat' dir='ltr'>Unterwersung</span> <span class='ocrx_word' id='word_1_450' title='bbox 2159 4151 2258 4201; x_wconf 86' lang='lat' dir='ltr'>der</span> <span class='ocrx_word' id='word_1_451' title='bbox 2290 4148 2459 4199; x_wconf 77' lang='lat' dir='ltr'>Sacae</span> <span class='ocrx_word' id='word_1_452' title='bbox 2493 4162 2608 4201; x_wconf 76' lang='lat' dir='ltr'>war</span> 
     </span>
    </p>
   </div>
   <div class='ocr_carea' id='block_1_10' title="bbox 83 4218 2610 4352">
    <p class='ocr_par' dir='ltr' id='par_1_11' title="bbox 83 4218 2610 4352">
     <span class='ocr_line' id='line_1_44' title="bbox 83 4218 2610 4293; baseline -0.006 -11"><span class='ocrx_word' id='word_1_453' title='bbox 83 4233 135 4293; x_wconf 91' lang='lat'>7,</span> <span class='ocrx_word' id='word_1_454' title='bbox 170 4229 257 4292; x_wconf 84' lang='lat'>38,</span> <span class='ocrx_word' id='word_1_455' title='bbox 290 4228 371 4281; x_wconf 85' lang='lat'>18.</span> <span class='ocrx_word' id='word_1_456' title='bbox 412 4227 477 4279; x_wconf 83' lang='lat'>19</span> <span class='ocrx_word' id='word_1_457' title='bbox 508 4229 775 4293; x_wconf 84' lang='lat' dir='ltr'>gemeldet</span> <span class='ocrx_word' id='word_1_458' title='bbox 808 4227 1047 4277; x_wconf 86' lang='lat' dir='ltr'>worden.</span> <span class='ocrx_word' id='word_1_459' title='bbox 1118 4225 1215 4274; x_wconf 88' lang='lat' dir='ltr'>Die</span> <span class='ocrx_word' id='word_1_460' title='bbox 1254 4224 1370 4272; x_wconf 85' lang='lat' dir='ltr'>hier</span> <span class='ocrx_word' id='word_1_461' title='bbox 1406 4220 1752 4271; x_wconf 85' lang='lat' dir='ltr'>bezeichnete</span> <span class='ocrx_word' id='word_1_462' title='bbox 1776 4218 2144 4269; x_wconf 81' lang='lat' dir='ltr'>Volkerschast</span> <span class='ocrx_word' id='word_1_463' title='bbox 2176 4218 2384 4269; x_wconf 88' lang='lat' dir='ltr'>scheint</span> <span class='ocrx_word' id='word_1_464' title='bbox 2404 4219 2464 4267; x_wconf 89' lang='lat' dir='ltr'>in</span> <span class='ocrx_word' id='word_1_465' title='bbox 2501 4218 2610 4268; x_wconf 86' lang='lat' dir='ltr'>den</span> 
     </span>
     <span class='ocr_line' id='line_1_45' title="bbox 84 4285 2420 4352; baseline -0.008 -1"><span class='ocrx_word' id='word_1_466' title='bbox 84 4300 351 4352; x_wconf 81' lang='lat' dir='ltr'>ostlichen</span> <span class='ocrx_word' id='word_1_467' title='bbox 386 4292 601 4348; x_wconf 81' lang='lat' dir='ltr'>Theilen</span> <span class='ocrx_word' id='word_1_468' title='bbox 636 4310 742 4346; x_wconf 83' lang='lat' dir='ltr'>von</span> <span class='ocrx_word' id='word_1_469' title='bbox 775 4296 961 4346; x_wconf 84' lang='lat' dir='ltr'>His&#39;sar</span> <span class='ocrx_word' id='word_1_470' title='bbox 996 4292 1131 4342; x_wconf 88' lang='lat' dir='ltr'>oder</span> <span class='ocrx_word' id='word_1_471' title='bbox 1166 4294 1239 4341; x_wconf 84' lang='lat' dir='ltr'>im</span> <span class='ocrx_word' id='word_1_472' title='bbox 1281 4292 1449 4341; x_wconf 86' lang='lat' dir='ltr'>Osten</span> <span class='ocrx_word' id='word_1_473' title='bbox 1479 4303 1588 4339; x_wconf 84' lang='lat' dir='ltr'>von</span> <span class='ocrx_word' id='word_1_474' title='bbox 1626 4289 1810 4339; x_wconf 64' lang='grc' dir='ltr'>Ηίθεοι·</span> <span class='ocrx_word' id='word_1_475' title='bbox 1847 4288 2098 4349; x_wconf 80' lang='lat' dir='ltr'>gewohnt</span> <span class='ocrx_word' id='word_1_476' title='bbox 2128 4299 2195 4335; x_wconf 91' lang='lat' dir='ltr'>zu</span> <span class='ocrx_word' id='word_1_477' title='bbox 2227 4285 2420 4335; x_wconf 78' lang='lat' dir='ltr'>haben.</span> 
     </span>
    </p>
   </div>
   <div class='ocr_carea' id='block_1_11' title="bbox 87 4373 2658 4780">
    <p class='ocr_par' dir='ltr' id='par_1_12' title="bbox 87 4373 2658 4780">
     <span class='ocr_line' id='line_1_46' title="bbox 227 4373 2608 4453; baseline -0.006 -14"><span class='ocrx_word' id='word_1_478' title='bbox 227 4387 278 4453; x_wconf 88' lang='grc'>8,</span> <span class='ocrx_word' id='word_1_479' title='bbox 318 4386 396 4451; x_wconf 84' lang='grc'>16,</span> <span class='ocrx_word' id='word_1_480' title='bbox 430 4384 517 4437; x_wconf 72' lang='lat'>21.</span> <span class='ocrx_word' id='word_1_481' title='bbox 589 4385 958 4450; x_wconf 72' lang='lat' dir='ltr'>Oxyartes.</span> <span class='ocrx_word' id='word_1_482' title='bbox 1019 4383 1100 4433; x_wconf 83' lang='lat' dir='ltr'>F.:</span> <span class='ocrx_word' id='word_1_483' title='bbox 1152 4379 1488 4430; x_wconf 67' lang='lat' dir='ltr'>cohortamur.</span> <span class='ocrx_word' id='word_1_484' title='bbox 1551 4379 1710 4429; x_wconf 73' lang='lat' dir='ltr'>,lenes</span> <span class='ocrx_word' id='word_1_485' title='bbox 1749 4378 1912 4438; x_wconf 83' lang='lat' dir='ltr'>Conj.‚</span> <span class='ocrx_word' id='word_1_486' title='bbox 1965 4376 2064 4425; x_wconf 83' lang='lat' dir='ltr'>der</span> <span class='ocrx_word' id='word_1_487' title='bbox 2103 4374 2271 4425; x_wconf 82' lang='lat' dir='ltr'>sehon</span> <span class='ocrx_word' id='word_1_488' title='bbox 2308 4373 2468 4423; x_wconf 76' lang='lat' dir='ltr'>Aldus</span> <span class='ocrx_word' id='word_1_489' title='bbox 2503 4384 2608 4435; x_wconf 71' lang='lat' dir='ltr'>ge-</span> 
     </span>
     <span class='ocr_line' id='line_1_47' title="bbox 87 4439 2610 4525; baseline -0.008 -15"><span class='ocrx_word' id='word_1_490' title='bbox 87 4462 223 4525; x_wconf 75' lang='lat' dir='ltr'>solgt</span> <span class='ocrx_word' id='word_1_491' title='bbox 261 4471 391 4507; x_wconf 88' lang='lat' dir='ltr'>war.</span> <span class='ocrx_word' id='word_1_492' title='bbox 466 4457 580 4505; x_wconf 88' lang='lat' dir='ltr'>Den</span> <span class='ocrx_word' id='word_1_493' title='bbox 616 4457 782 4504; x_wconf 83' lang='lat' dir='ltr'>Vater</span> <span class='ocrx_word' id='word_1_494' title='bbox 818 4451 917 4500; x_wconf 88' lang='lat' dir='ltr'>der</span> <span class='ocrx_word' id='word_1_495' title='bbox 948 4451 1161 4498; x_wconf 83' lang='lat' dir='ltr'>Roxane</span> <span class='ocrx_word' id='word_1_496' title='bbox 1195 4450 1363 4498; x_wconf 78' lang='lat' dir='ltr'>neunt</span> <span class='ocrx_word' id='word_1_497' title='bbox 1392 4446 1532 4495; x_wconf 77' lang='lat' dir='ltr'>Alex.</span> <span class='ocrx_word' id='word_1_498' title='bbox 1575 4446 1746 4497; x_wconf 86' lang='lat' dir='ltr'>selbst</span> <span class='ocrx_word' id='word_1_499' title='bbox 1781 4444 1868 4493; x_wconf 85' lang='lat' dir='ltr'>bei</span> <span class='ocrx_word' id='word_1_500' title='bbox 1905 4444 1958 4493; x_wconf 93' lang='lat' dir='ltr'>C.</span> <span class='ocrx_word' id='word_1_501' title='bbox 2003 4441 2083 4504; x_wconf 88' lang='lat'>10,</span> <span class='ocrx_word' id='word_1_502' title='bbox 2125 4439 2206 4502; x_wconf 75' lang='lat'>12,</span> <span class='ocrx_word' id='word_1_503' title='bbox 2245 4439 2306 4490; x_wconf 87' lang='lat'>11</span> <span class='ocrx_word' id='word_1_504' title='bbox 2349 4440 2610 4490; x_wconf 81' lang='lat' dir='ltr'>Oxathres</span> 
     </span>
     <span class='ocr_line' id='line_1_48' title="bbox 89 4504 2610 4589; baseline -0.008 -11"><span class='ocrx_word' id='word_1_505' title='bbox 89 4529 229 4579; x_wconf 87' lang='lat' dir='ltr'>oder</span> <span class='ocrx_word' id='word_1_506' title='bbox 266 4524 542 4589; x_wconf 80' lang='lat' dir='ltr'>Oxyartes.</span> <span class='ocrx_word' id='word_1_507' title='bbox 598 4520 769 4583; x_wconf 83' lang='lat' dir='ltr'>Vergl.</span> <span class='ocrx_word' id='word_1_508' title='bbox 808 4519 861 4567; x_wconf 91' lang='lat' dir='ltr'>C.</span> <span class='ocrx_word' id='word_1_509' title='bbox 902 4514 955 4575; x_wconf 84' lang='lat'>9,</span> <span class='ocrx_word' id='word_1_510' title='bbox 991 4514 1078 4574; x_wconf 85' lang='lat'>31,</span> <span class='ocrx_word' id='word_1_511' title='bbox 1118 4513 1199 4565; x_wconf 85' lang='lat'>10.</span> <span class='ocrx_word' id='word_1_512' title='bbox 1268 4514 1498 4563; x_wconf 82' lang='lat' dir='ltr'>Hieraus</span> <span class='ocrx_word' id='word_1_513' title='bbox 1536 4514 1662 4577; x_wconf 85' lang='lat' dir='ltr'>geht</span> <span class='ocrx_word' id='word_1_514' title='bbox 1693 4514 1904 4571; x_wconf 85' lang='lat' dir='ltr'>hervor,</span> <span class='ocrx_word' id='word_1_515' title='bbox 1956 4510 2082 4561; x_wconf 83' lang='lat' dir='ltr'>dass</span> <span class='ocrx_word' id='word_1_516' title='bbox 2119 4522 2277 4559; x_wconf 86' lang='lat' dir='ltr'>wenn</span> <span class='ocrx_word' id='word_1_517' title='bbox 2311 4510 2358 4571; x_wconf 71' lang='lat' dir='ltr'>g.</span> <span class='ocrx_word' id='word_1_518' title='bbox 2393 4504 2458 4555; x_wconf 75' lang='lat'>21</span> <span class='ocrx_word' id='word_1_519' title='bbox 2499 4508 2610 4559; x_wconf 85' lang='lat' dir='ltr'>und</span> 
     </span>
     <span class='ocr_line' id='line_1_49' title="bbox 93 4576 2614 4659; baseline -0.007 -15"><span class='ocrx_word' id='word_1_520' title='bbox 93 4598 137 4659; x_wconf 71' lang='lat' dir='ltr'>g.</span> <span class='ocrx_word' id='word_1_521' title='bbox 176 4590 249 4643; x_wconf 67' lang='lat'>‘23</span> <span class='ocrx_word' id='word_1_522' title='bbox 282 4594 337 4641; x_wconf 87' lang='lat' dir='ltr'>in</span> <span class='ocrx_word' id='word_1_523' title='bbox 368 4592 493 4643; x_wconf 86' lang='lat' dir='ltr'>dem</span> <span class='ocrx_word' id='word_1_524' title='bbox 530 4585 1002 4645; x_wconf 78' lang='lat' dir='ltr'>zusammenheng,</span> <span class='ocrx_word' id='word_1_525' title='bbox 1058 4584 1117 4631; x_wconf 88' lang='lat' dir='ltr'>in</span> <span class='ocrx_word' id='word_1_526' title='bbox 1156 4582 1280 4632; x_wconf 90' lang='lat' dir='ltr'>dem</span> <span class='ocrx_word' id='word_1_527' title='bbox 1313 4581 1397 4629; x_wconf 83' lang='lat' dir='ltr'>sie</span> <span class='ocrx_word' id='word_1_528' title='bbox 1426 4583 1560 4643; x_wconf 74' lang='lat' dir='ltr'>jetzt</span> <span class='ocrx_word' id='word_1_529' title='bbox 1593 4593 1694 4628; x_wconf 82' lang='lat' dir='ltr'>vor</span> <span class='ocrx_word' id='word_1_530' title='bbox 1731 4593 1832 4629; x_wconf 90' lang='lat' dir='ltr'>uns</span> <span class='ocrx_word' id='word_1_531' title='bbox 1868 4578 2056 4640; x_wconf 67' lang='lat' dir='ltr'>stegen,</span> <span class='ocrx_word' id='word_1_532' title='bbox 2109 4590 2213 4625; x_wconf 86' lang='lat' dir='ltr'>von</span> <span class='ocrx_word' id='word_1_533' title='bbox 2244 4576 2296 4623; x_wconf 84' lang='lat' dir='ltr'>C.</span> <span class='ocrx_word' id='word_1_534' title='bbox 2329 4576 2614 4637; x_wconf 72' lang='lat' dir='ltr'>gesehrie-</span> 
     </span>
     <span class='ocr_line' id='line_1_50' title="bbox 93 4643 2658 4723; baseline -0.008 -10"><span class='ocrx_word' id='word_1_535' title='bbox 93 4664 203 4713; x_wconf 87' lang='lat' dir='ltr'>ben</span> <span class='ocrx_word' id='word_1_536' title='bbox 249 4662 389 4723; x_wconf 81' lang='lat' dir='ltr'>sind,</span> <span class='ocrx_word' id='word_1_537' title='bbox 440 4660 557 4710; x_wconf 79' lang='lat' dir='ltr'>hier</span> <span class='ocrx_word' id='word_1_538' title='bbox 602 4652 865 4705; x_wconf 76' lang='lat' dir='ltr'>Niemend</span> <span class='ocrx_word' id='word_1_539' title='bbox 917 4650 1113 4700; x_wconf 76' lang='lat' dir='ltr'>andere</span> <span class='ocrx_word' id='word_1_540' title='bbox 1162 4650 1238 4699; x_wconf 80' lang='lat' dir='ltr'>als</span> <span class='ocrx_word' id='word_1_541' title='bbox 1281 4647 1538 4709; x_wconf 72' lang='lat' dir='ltr'>Oxyartes</span> <span class='ocrx_word' id='word_1_542' title='bbox 1583 4650 1817 4710; x_wconf 76' lang='lat' dir='ltr'>genennt</span> <span class='ocrx_word' id='word_1_543' title='bbox 1865 4648 1979 4694; x_wconf 84' lang='lat' dir='ltr'>sein</span> <span class='ocrx_word' id='word_1_544' title='bbox 2032 4646 2244 4693; x_wconf 75' lang='lat' dir='ltr'>konnte.</span> <span class='ocrx_word' id='word_1_545' title='bbox 2307 4644 2441 4693; x_wconf 82' lang='lat' dir='ltr'>Dass</span> <span class='ocrx_word' id='word_1_546' title='bbox 2484 4643 2614 4694; x_wconf 79' lang='lat' dir='ltr'>aber</span> <span class='ocrx_word' id='word_1_547' title='bbox 2651 4671 2658 4679; x_wconf 89' lang='lat'><em>-</em></span> 
     </span>
     <span class='ocr_line' id='line_1_51' title="bbox 96 4710 2614 4780; baseline -0.006 0"><span class='ocrx_word' id='word_1_548' title='bbox 96 4728 339 4780; x_wconf 81' lang='lat' dir='ltr'>wirklich</span> <span class='ocrx_word' id='word_1_549' title='bbox 394 4728 551 4777; x_wconf 82' lang='lat' dir='ltr'>keine</span> <span class='ocrx_word' id='word_1_550' title='bbox 590 4723 767 4774; x_wconf 76' lang='lat' dir='ltr'>Lucke</span> <span class='ocrx_word' id='word_1_551' title='bbox 802 4718 1173 4771; x_wconf 71' lang='lat' dir='ltr'>anaunehmen</span> <span class='ocrx_word' id='word_1_552' title='bbox 1206 4717 1301 4776; x_wconf 83' lang='lat' dir='ltr'>sei,</span> <span class='ocrx_word' id='word_1_553' title='bbox 1354 4714 1510 4765; x_wconf 67' lang='lat' dir='ltr'>datur</span> <span class='ocrx_word' id='word_1_554' title='bbox 1559 4715 1770 4765; x_wconf 81' lang='lat' dir='ltr'>seheint</span> <span class='ocrx_word' id='word_1_555' title='bbox 1803 4713 1902 4765; x_wconf 83' lang='lat' dir='ltr'>der</span> <span class='ocrx_word' id='word_1_556' title='bbox 1947 4725 2082 4776; x_wconf 81' lang='lat' dir='ltr'>ganz</span> <span class='ocrx_word' id='word_1_557' title='bbox 2112 4710 2247 4761; x_wconf 77' lang='lat' dir='ltr'>feste</span> <span class='ocrx_word' id='word_1_558' title='bbox 2276 4712 2385 4761; x_wconf 88' lang='lat' dir='ltr'>und</span> <span class='ocrx_word' id='word_1_559' title='bbox 2439 4724 2614 4777; x_wconf 78' lang='lat' dir='ltr'>ange-</span> 
     </span>
    </p>
   </div>
   <div class='ocr_carea' id='block_1_12' title="bbox 98 4782 1591 4907">
    <p class='ocr_par' dir='ltr' id='par_1_13' title="bbox 98 4782 1591 4907">
     <span class='ocr_line' id='line_1_52' title="bbox 98 4782 1591 4851; baseline -0.013 0"><span class='ocrx_word' id='word_1_560' title='bbox 98 4808 353 4851; x_wconf 76' lang='lat' dir='ltr'>messene</span> <span class='ocrx_word' id='word_1_561' title='bbox 387 4791 713 4846; x_wconf 79' lang='lat' dir='ltr'>Fortsehritt</span> <span class='ocrx_word' id='word_1_562' title='bbox 742 4790 841 4842; x_wconf 85' lang='lat' dir='ltr'>der</span> <span class='ocrx_word' id='word_1_563' title='bbox 868 4786 1161 4850; x_wconf 73' lang='lat' dir='ltr'>Erz‘ahlung</span> <span class='ocrx_word' id='word_1_564' title='bbox 1202 4797 1269 4835; x_wconf 85' lang='lat' dir='ltr'>zu</span> <span class='ocrx_word' id='word_1_565' title='bbox 1304 4782 1591 4833; x_wconf 80' lang='lat' dir='ltr'>beweisen.</span> 
     </span>
     <span class='ocr_line' id='line_1_53' title="bbox 646 4874 665 4907; baseline 0 0"><span class='ocrx_word' id='word_1_566' title='bbox 646 4874 665 4907; x_wconf 80' lang='lat' dir='ltr'><em>l</em></span> 
     </span>
    </p>
   </div>
  </div>
 </body>
</html>
