2975 5350
314 346 445 417 aas
916 324 923 331 ’
1252 350 1334 434 Q.
1380 350 1666 415 cunm
1709 350 1904 413 nuri
1949 412 1956 419 .

316 532 421 589 ten
472 524 675 604 fuga-
728 521 1045 585 inteudunt
1156 516 1219 559 ²⁰
1236 520 1570 601 Equitatns‚
1633 521 1740 601 qui
1783 542 1857 583 ex
1916 518 2306 583 nobilissimis
2363 519 2650 581 iuvenum
2713 540 2868 582 con-

318 622 531 698 stabat,
598 620 947 682 Perdiccam
986 625 1047 681 et
1088 620 1461 679 Leonnatum
1515 619 1799 698 frequens
1850 617 2247 699 sequebatur-3
2302 616 2704 698 placebatque
2765 638 2868 679 ex-

318 718 537 779 cedere
576 716 729 779 urbe
768 722 831 776 et
882 714 1129 777 tendere
1188 714 1250 775 in
1304 714 1552 794 campis.
1643 709 1834 777 ²¹Sed
1873 713 2166 777 Perdicca
2207 733 2284 775 ne
2329 713 2564 792 pedites
2611 715 2868 795 quidem

320 819 686 895 sequuturos
730 812 927 892 ipsum
965 811 1355 891 desperabat:
1400 810 1602 890 itaque
1643 830 1720 871 ne
1773 809 2136 873 abducendo
2189 809 2426 890 equites
2463 810 2794 890 abrupisse
2833 832 2870 871 a

318 916 525 973 cetero
566 908 837 971 exercitu
868 908 1194 982 videretur,
1239 907 1303 969 in
1340 908 1494 969 urbe
1533 905 1822 969 subsistit.

484 1006 699 1067 XXV.
783 999 1017 1067 vu¹⁹¹At
1054 1003 1359 1083 Meleager
1418 1022 1624 1083 regem
1683 1022 1930 1065 monere
1985 1022 2110 1064 non
2165 1002 2407 1079 destitit,
2463 1004 2556 1065 ius
2615 1003 2868 1083 imperii

320 1102 645 1165 Perdiccae
694 1106 889 1163 morte
938 1100 1327 1163 sanciendum
1368 1120 1536 1163 esse:
1597 1099 1660 1161 ni
1717 1106 2050 1179 occupetur
2091 1090 2390 1179 impotens
2433 1101 2688 1177 animus,
2762 1120 2866 1161 res

316 1206 713 1262 novaturum:
776 1197 1117 1259 meminisse
1164 1216 1320 1274 eum,
1380 1196 1530 1278 qnid
1597 1198 1674 1259 de
1715 1212 1862 1275 rege
1901 1196 2236 1271 meruisset,
2295 1196 2591 1259 neminem
2653 1206 2866 1259 autem

314 1297 377 1359 ei
416 1297 561 1359 satis
602 1297 789 1357 lidum
824 1314 979 1370 esse,
1022 1298 1199 1374 quem
1238 1299 1481 1357 metuat.
1571 1289 1599 1333 ²
1616 1295 1748 1355 Rex
1783 1293 2119 1372 patiebatur
2167 1292 2374 1371 magis,
2427 1316 2608 1376 quam
2649 1314 2866 1356 assen-

318 1394 593 1456 tiebatur.
682 1394 887 1473 ltaque
936 1389 1239 1469 Meleager
1284 1390 1588 1453 silentium
1633 1409 1748 1469 pro
1793 1388 2050 1468 imperio
2097 1389 2318 1466 habuit,
2367 1390 2648 1471 misitque
2695 1391 2862 1469 regis

316 1490 577 1566 nomine,
636 1488 739 1569 qui
792 1486 1142 1549 Perdiccam
1198 1492 1600 1551 accerserent.
1683 1484 1900 1547 Iisdem
1949 1487 2310 1563 mandatum,
2367 1495 2452 1549 ut·
2484 1488 2858 1561 occiderent,

318 1587 373 1649 si
434 1586 640 1647 venire
702 1583 1019 1647 dubitaret.
1126 1578 1473 1661 ³Perdicca,
1533 1582 1808 1645 nuntiato
1872 1581 2194 1645 satellitum
2249 1584 2526 1660 adventu,
2585 1583 2857 1647 sedecim

318 1682 567 1745 omnino
605 1680 811 1759 pneris
852 1679 1052 1757 regiae
1094 1678 1365 1743 cohortis
1400 1678 1720 1745 comitatus
1769 1678 1832 1737 in
1865 1678 2070 1741 limine
2113 1682 2332 1743 domus
2373 1700 2519 1743 suae
2565 1682 2856 1757 constitit,

318 1778 781 1858 castigatosque,
838 1782 901 1837 et
940 1774 1233 1854 Meleagri
1274 1773 1574 1854 mancipia
1611 1773 1934 1841 identidem
1976 1775 2308 1855 appellans,
2362 1776 2456 1839 sic
2498 1778 2686 1839 animi
2729 1779 2858 1839 vul-

318 1882 535 1957 tusque
582 1871 919 1937 constantia
964 1870 1193 1946 terruit,
1252 1880 1321 1933 ut
1356 1870 1459 1932 vix
1499 1871 1718 1935 mentis
1757 1878 2074 1950 compotes
2127 1874 2438 1951 fugerent.-
2517 1868 2546 1913 4
2563 1875 2858 1937 Perdicca

318 1965 563 2052 puerosx
584 1988 775 2050 equos
815 1967 989 2031 iussit
1032 1966 1465 2041 conscendere,
1519 1972 1580 2029 et
1627 1987 1766 2029 cum
1809 1966 2022 2046 paucis
2075 1968 2407 2033 amicorum
2459 1972 2536 2033 ad
2581 1974 2834 2033 Leonna

318 2077 447 2131 tum
486 2065 779 2145 pervenit,
838 2066 955 2126 iam
1011 2064 1275 2125 firmiore
1330 2062 1638 2143 praesidio
1697 2062 1816 2123 vim
1859 2065 2344 2144 propulsaturus‚
2401 2069 2453 2132 si
2495 2066 2632 2149 quis
2675 2068 2856 2129 infer-

319 2173 433 2229 ret.
516 2158 542 2200 ⁵
561 2164 813 2225 Postera
862 2162 961 2223 die
1016 2160 1261 2239 indigna
1314 2178 1413 2221 res
1470 2159 1908 2225 Macedonibus
1967 2161 2296 2239 videbatur,
2364 2165 2720 2226 Perdiccam
2779 2166 2856 2225 ad

319 2260 531 2343 mortis
575 2258 916 2338 periculum
952 2258 1279 2319 adductum
1297 2303 1314 2331 ,
1372 2260 1434 2317 et
1478 2254 1769 2334 Meleagri
1827 2258 2221 2321 temeritatem
2266 2260 2454 2321 armis
2507 2261 2704 2323 ultum
2765 2262 2852 2323 ire

318 2359 729 2425 decreverant.
820 2349 1065 2435 ⁶Atque
1104 2353 1207 2415 ille
1248 2352 1546 2415 seditione
1586 2352 1848 2431 provisa,
1897 2372 2084 2433 quum
2122 2376 2325 2435 regem
2369 2357 2612 2433 adisset,
2673 2359 2851 2419 inter-

320 2472 537 2537 rogare
578 2472 717 2515 eum
760 2450 981 2528 coepit,
1023 2468 1101 2510 an
1124 2446 1477 2511 Perdiccam
1519 2449 1951 2528 comprehendi
1993 2450 2128 2530 ipse
2169 2451 2462 2517 iussisset.
2525 2453 2636 2517 me
2663 2450 2851 2516 Mele-

316 2550 446 2629 agri
484 2548 769 2633 instinctu
804 2564 871 2609 se
909 2546 1155 2611 iussisse
1195 2544 1542 2624 respondit:
1593 2551 1861 2609 ceterum
1893 2566 2018 2609 non
2068 2547 2290 2611 debere
2333 2549 2676 2613 tumultuari
2717 2572 2845 2627 eos,
2940 2618 2941 2639 χ

318 2647 669 2714 Perdiccam
710 2644 869 2730 enim
912 2643 1137 2708 vivere.
1371 2660 1376 2666 ·

486 2743 729 2806 XXVI.
819 2737 1050 2821 ⁷1gitur
1100 2740 1397 2802 concione
1446 2738 1693 2804 dimissa
1727 2740 2052 2830 Meleager,
2112 2743 2382 2825 equitum
2432 2746 2694 2808 maxime
2747 2749 2850 2808 de-

320 2843 585 2910 fectione
628 2838 1001 2920 perterritus,
1058 2837 1353 2918 inopsque
1396 2837 1634 2908 consilii
1685 2839 1936 2918 (quippe
1981 2839 2046 2900 in
2087 2840 2284 2919 ipsum
2323 2843 2660 2922 periculum
2703 2845 2842 2904 reci·
2937 2911 2939 2934 1

320 2942 507 3016 derat,
552 2937 717 3020 quod
757 2935 999 3002 inimico
1034 2933 1223 3013 ‚paulo
1260 2940 1397 2996 aute
1446 2932 1808 3013 intenderat)
1863 2934 2126 2998 triduum
2165 2939 2294 3000 fere
2347 2941 2730 3018 consumpsit
2769 2942 2850 3000 in-

322 3043 491 3100 certa
538 3033 793 3098 consilia
838 3029 1161 3095 volvendo.
1246 3024 1276 3068 ⁸
1292 3030 1371 3092 Et
1406 3029 1660 3109 pristina
1703 3029 1942 3109 quidem
1999 3034 2200 3113 regiae
2261 3036 2498 3116 species
2543 3037 2846 3098 manebat:

284 3210 301 3214 -
320 3150 461 3196 nam
492 3139 553 3194 et
602 3129 785 3211 legati
828 3127 1095 3208 gentium
1131 3147 1339 3206 regem
1380 3127 1626 3189 adibant
1667 3131 1728 3186 et
1769 3126 2080 3204 copiarum
2131 3133 2320 3194 duces
2359 3133 2612 3194 aderant
2649 3141 2714 3194 et
2749 3153 2848 3194 ve-

318 3229 605 3292 stibulum
620 3226 903 3288 satellites
918 3223 1249 3303 armatique
1278 3223 1745 3302 compleverant.
1795 3216 1822 3260 ⁹
1833 3222 1958 3286 Sed
1973 3226 2182 3306 ingens
2195 3247 2306 3290 sua
2325 3236 2540 3309 sponte
2555 3229 2846 3290 maestitia

318 3324 563 3388 ultimae
582 3320 1017 3402 desperationis
1034 3319 1215 3380 iudex
1242 3323 1387 3396 erat,
1408 3321 1797 3401 suspectique
1815 3323 2072 3384 invicem
2097 3344 2222 3386 non
2245 3326 2412 3388 adire
2433 3327 2710 3406 propius,
2725 3345 2844 3386 non

320 3418 591 3501 colloqui
614 3418 931 3493 audebant,
976 3421 1243 3477 secretas
1286 3416 1686 3495 cogitationes
1727 3419 1885 3481 intra
1927 3439 1996 3481 se
2037 3440 2279 3504 quoque
2325 3421 2626 3499 volvente,
2671 3432 2735 3485 et
2773 3443 2844 3482 ex

2933 3547 2935 3603 A

322 3719 535 3770 ten-im
568 3716 715 3768 rabie
752 3731 940 3777 corun,
989 3731 1221 3782 pasqua
1272 3713 1664 3767 abstiterit.
1717 3741 1774 3754 —
1848 3716 1926 3780 10,
1962 3717 2164 3783 24,20.
2226 3718 2303 3769 Iu
2353 3719 2624 3786 campis.
2679 3721 2758 3771 R:
2795 3721 2848 3769 in

324 3800 544 3853 campos.
590 3813 653 3824 --
698 3784 777 3847 10,
816 3783 899 3846 24,
931 3781 1014 3834 21.
1058 3782 1403 3834 Subsistit.
1448 3785 1534 3835 F.:
1571 3783 1812 3834 substitit.
2931 3821 2933 3862 7

470 3875 553 3939 10,
594 3873 682 3938 25,
720 3873 765 3927 5.
836 3875 1127 3926 Postera
1177 3873 1299 3923 die.
1357 3875 1436 3924 F.:
1485 3883 1690 3940 postero
1747 3873 1843 3926 die.
1898 3878 1948 3926 S.
1999 3891 2063 3927 zu
2101 3874 2148 3942 6,
2185 3876 2272 3938 43,
2312 3876 2395 3928 27.
2446 3905 2502 3915 -
2568 3877 2652 3939 10,
2685 3877 2771 3940 25,
2801 3876 2846 3930 6.
2931 3871 2933 3923 4

326 3944 475 3996 1110.
557 3948 664 3996 Der
698 3943 1161 4005 zusammenbang
1206 3943 1278 3992 ist
1316 3943 1754 3994 wahrscheinlich
1799 3945 2098 4008 folgender:
2153 3948 2221 3996 Es
2263 3949 2476 3997 mochte
2528 3951 2702 3997 etwas
2743 3948 2845 3997 da-

324 4027 433 4064 von
484 4013 751 4064 verlaulet
791 4014 927 4071 sein,
987 4011 1113 4060 dass
1160 4011 1257 4061 der
1293 4011 1485 4073 Besehl,
1549 4012 1652 4062 den
1691 4013 1975 4062 Perdiccas
2020 4027 2088 4062 zu
2136 4015 2327 4077 langen
2383 4014 2492 4064 und
2541 4029 2610 4064 zu
2647 4017 2844 4073 todteu,

324 4081 477 4131 nicht
525 4079 731 4131 sowohl
781 4093 906 4128 vom
958 4069 1127 4140 KOnig
1177 4078 1253 4128 als
1300 4091 1429 4128 vom
1475 4081 1737 4143 Meleager
1789 4093 2158 4144 ausgegangen
2208 4083 2306 4133 sei.
2379 4082 2556 4132 Daher
2601 4081 2844 4132 bedurfte
2929 4117 2931 4128 .

323 4150 585 4212 Meleager
631 4161 700 4197 zu
738 4148 915 4198 seIner
954 4145 1249 4208 Sichernng
1288 4147 1438 4196 einer
1484 4145 1824 4198 offentlichen
1865 4148 2170 4213 Erkla'run&
2227 4150 2354 4200 dass
2405 4150 2504 4200 der
2543 4151 2716 4213 Konig
2761 4152 2843 4200 ihu
2929 4175 2931 4241 ι

324 4216 495 4268 selbst
533 4215 789 4279 gegeben·
815 4214 947 4264 oder
978 4213 1354 4276 gutgeheissen
1388 4213 1545 4266 habe.
1608 4215 1784 4266 Daher
1815 4215 1902 4266 die
1937 4215 2132 4279 Frage:
2174 4216 2246 4267 oh
2281 4231 2344 4268 er
2379 4217 2526 4267 nicht
2559 4217 2733 4268 selbst
2765 4219 2844 4268 die

323 4283 864 4348 Gerangennehmung
916 4282 1012 4332 des
1059 4281 1345 4331 Perdiccas
1390 4282 1671 4345 gebeissen
1716 4282 1892 4333 habe?
1971 4285 2042 4333 So
2089 4285 2360 4335 erseheint
2396 4285 2538 4335 denn
2591 4285 2681 4334 die
2713 4286 2843 4334 Ant-

322 4353 465 4402 wort
498 4351 595 4402 des
635 4351 831 4412 Konigs
864 4349 1102 4412 passend
1142 4347 1254 4398 und
1288 4351 1691 4413 zweckmassi&
1745 4351 1927 4401 iudem
1961 4364 2021 4401 er
2057 4353 2144 4402 die
2182 4353 2742 4422 Verantwortlichkeit
2769 4353 2841 4402 fur

324 4421 413 4471 die
450 4420 585 4470 That
621 4431 754 4482 ganz
791 4417 885 4466 aut·
915 4417 1031 4468 sicb
1078 4415 1281 4478 nimmt,
1338 4417 1471 4468 aber
1508 4417 1646 4469 doch
1699 4419 1982 4479 einraumt‚
2035 4420 2162 4469 dass
2195 4420 2458 4482 Meleager
2505 4420 2648 4470 dazu
2687 4434 2841 4483 gera—
2927 4441 2929 4452 ·

322 4487 466 4539 then.
540 4487 677 4538 Dass
714 4498 824 4534 nun
860 4484 992 4535 aber
1028 4481 1280 4549 Meleagri
1326 4487 1460 4534 statt
1505 4485 1666 4550 ipsius
1699 4490 1886 4550 gesagt
1917 4487 2005 4546 ist,
2051 4487 2148 4536 das
2183 4488 2337 4537 ruhrt
2372 4501 2478 4536 von
2521 4488 2621 4538 der
2658 4489 2843 4552 cigen-

325 4553 647 4608 thllmlicben
682 4553 923 4618 Fassung
962 4552 1059 4602 der
1092 4551 1235 4602 Rede
1288 4565 1396 4601 von
1448 4555 1626 4604 Seiten
1677 4554 1773 4604 des
1813 4553 2221 4604 Schriststellers
2258 4555 2366 4606 ber.
2441 4555 2510 4604 Er
2557 4554 2707 4620 gicht
2748 4556 2841 4604 den

322 4623 492 4672 lnhalt
526 4619 807 4674 derselben
856 4619 1005 4670 nicht
1058 4619 1135 4670 als
1179 4621 1424 4670 Antwort
1473 4633 1539 4670 an
1578 4621 1852 4682 Meleager,
1906 4622 2141 4672 sondern
2189 4623 2267 4674 als
2304 4635 2462 4672 wenn
2505 4624 2586 4672 sie
2623 4624 2762 4673 auch
2797 4624 2844 4670 in

324 4685 527 4742 diesem
552 4689 694 4740 Theil
724 4684 1069 4751 unmittelbar
1095 4700 1163 4736 an
1190 4688 1275 4738 die
1298 4687 1702 4752 Versammlung
1724 4689 1821 4740 der
1842 4689 2094 4740 Soldaten
2121 4691 2384 4754 gerichtet
2411 4704 2665 4753 gewesen
2693 4697 2840 4739 ware.

464 4773 544 4856 10,
582 4774 665 4839 26,
698 4775 745 4828 9.
828 4775 1167 4828 Volcente.
1246 4779 1391 4829 Ναοῦ
1440 4780 1616 4844 Conj.·‚
1670 4781 1750 4830 R:
1795 4776 2071 4830 volventes.
2121 4805 2178 4818 -·-
2244 4779 2330 4842 10,
2373 4777 2456 4843 26,
2502 4780 2580 4831 10.
2653 4780 2840 4832 Cuius
