2975 5350
647 340 812 403 VIII.
860 340 908 405 1.
951 342 1203 405 4-10,
1243 328 1320 403 11.
1367 342 1659 405 11-19,
1696 342 1805 406 111.
1848 345 2139 409 19-26,
2364 344 2371 353 ’
2522 346 2653 411 253

105 512 364 588 fortiuS,
409 506 607 591 quam'
629 511 922 593 loquutus
963 518 1086 587 est,
1137 512 1299 576 fecit.
1385 511 1543 575 Nam
1604 512 1791 573 feram
1830 532 1954 575 nou
1998 515 2237 593 excepit
2264 508 2461 577 hodo
2473 560 2491 589 ,
2540 516 2653 577 sed

108 610 302 670 etiam
359 627 487 669 uno
538 607 792 668 vulnere
853 608 1094 687 oceidit.
1173 603 1224 645 ¹⁷
1236 609 1547 685 Fabulam,
1614 629 1771 690 quae
1828 611 2137 673 obiectum
2188 612 2353 674 leoni
2416 632 2455 672 a
2493 610 2651 692 'rege

107 705 551 783 Lysimachum
595 711 822 766 temere
861 704 1159 783 vulgavit,
1201 706 1276 767 ab
1322 708 1398 767 eo
1443 726 1613 781 casu,
1660 726 1839 787 quem
1872 727 2060 788 supra
2102 708 2390 786 diximuS,
2456 714 2653 769 ortam

109 822 258 862 esse
323 802 704 863 crediderim.
800 796 854 839 ¹⁸
869 800 1154 863 Ceterum
1213 801 1614 877 Macedones,
1665 823 2023 886 quamquam
2083 825 2385 885 prospero
2436 813 2655 869 eventu

111 900 456 961 defunctus
510 905 641 959 erat
692 897 1040 959 Alexander
1056 946 1072 973 ,
1134 904 1333 960 tamen
1387 898 1621 959 scivere
1670 902 1866 977 gentis
1902 920 2047 964 snae
2092 922 2261 964 more
2274 952 2289 979 ‚
2348 922 2427 963 ne
2465 902 2653 981 pedes

113 1001 456 1063 venaretur
491 1004 594 1056 aut
631 992 764 1056 sine
803 994 1056 1056 delectis
1099 995 1444 1075 principum
1483 1002 1663 1077 atque
1704 997 2053 1063 amicorum.
2131 982 2332 1075 ¹⁹n1e,
2376 1000 2462 1059 IV
2504 998 2655 1059 mili-

110 1092 232 1153 bus
281 1092 552 1152 ferarum
593 1092 874 1165 deiectis,
919 1092 980 1152 in
1024 1092 1238 1153 eodem
1299 1092 1456 1155 saltu
1510 1113 1649 1153 cum
1708 1099 1841 1156 toto
1894 1096 2165 1157 exercitu
2224 1096 2499 1175 epulatus
2544 1101 2652 1157 est.

298 1187 400 1247 111.
485 1188 630 1248 Inde
685 1189 1048 1251 Maracanda
1097 1188 1354 1249 reditum
1407 1196 1532 1251 est:
1589 1196 1958 1272 acceptaque
2009 1192 2217 1253 aetatis
2268 1189 2655 1255 excusatione

115 1285 192 1345 ab
245 1283 579 1359 Artabazo,
623 1284 992 1363 provinciam
1033 1286 1161 1346 eius
1201 1285 1458 1347 destinat
1496 1286 1676 1349 Clito.
1752 1282 1813 1327 2⁰
1826 1290 1941 1350 Hic
1986 1296 2133 1363 erat,
2177 1288 2279 1370 qui
2318 1286 2481 1367 apud
2504 1287 2655 1349 Gra-

115 1383 332 1443 nicum
377 1401 611 1441 amnem
658 1382 824 1443 nudo
867 1382 1064 1461 capite
1104 1402 1312 1461 regem
1353 1382 1735 1445 dimicantem
1786 1387 1987 1465 clipeo
2040 1406 2157 1447 suo
2203 1384 2353 1446 texit
2394 1391 2457 1445 et
2494 1385 2657 1447 Rho-

116 1480 290 1541 sacis
332 1498 576 1539 manum
617 1477 802 1558 capiti
853 1479 1012 1557 regis
1055 1480 1456 1542 imminentem
1502 1481 1705 1560 gladio
1762 1482 2119 1562 amputavit,
2156 1486 2350 1541 'vetus
2392 1479 2655 1559 Philippi

115 1576 308 1637 miles
348 1575 675 1657 multisque
715 1575 949 1638 bellicis
994 1576 1282 1656 operibus
1323 1578 1542 1640 clarus.
1618 1573 1667 1617 ²¹
1682 1579 2007 1656 Hellanice,
2054 1598 2209 1659 quae
2244 1576 2655 1640 Alexandrum

117 1674 512 1747 educaverat,
556 1691 736 1733 soror
761 1672 908 1747 eius,
953 1673 1114 1733 haud
1159 1693 1355 1749 secuS,
1397 1696 1578 1757 quam
1620 1683 1811 1738 mater
1850 1696 1887 1737 a
1930 1696 2075 1755 rege
2118 1675 2493 1753 diligebatur.
2558 1674 2655 1737 Ob

119 1773 232 1831 has
281 1788 498 1830 causas
537 1768 956 1830 validissimam
1008 1769 1245 1848 imperii
1289 1780 1522 1849 partem
1576 1774 1717 1833 fidei
1762 1772 1893 1833 eius
1951 1772 2291 1849 tutelaeque
2342 1770 2655 1831 commisit.

119 1862 174 1904 22
189 1868 452 1948 Iamque
497 1866 614 1926 iter
653 1886 866 1945 parare
912 1866 972 1926 in
1015 1873 1328 1943 posterum
1371 1868 1599 1944 iussuS,
1661 1868 1938 1932 sollemni
1986 1874 2049 1928 et
2094 1864 2453 1946 tempestivo
2494 1865 2658 1927 adhi-

119 1967 316 2025 betur
359 1962 813 2057 convivio31n
853 1983 976 2045 quo
1023 1980 1132 2021 rex
1177 1982 1360 2041 quum
1399 1962 1589 2025 multo
1630 1964 1979 2025 incaluisset
2037 1982 2209 2023 mero
2225 2008 2247 2037 ‚
2300 1961 2657 2023 immodicus

123 2060 488 2123 aestimator
527 2060 640 2135 sui,
687 2059 1014 2134 celebrare,
1062 2076 1216 2138 quae
1261 2066 1548 2137 gesserat,
1592 2060 1812 2139 coepit,
1854 2059 2053 2139 gravis
2096 2060 2270 2120 etiam
2304 2078 2515 2119 eorum
2556 2078 2658 2120 au—

125 2159 322 2233 ribuS‚
371 2156 474 2236 qui
517 2155 852 2217 sentiebant
892 2174 1038 2215 vera
1075 2156 1416 2218 memorari.
1485 2150 1541 2193 ²³
1562 2155 1876 2218 Silentium
1922 2163 2122 2218 tamen
2160 2156 2425 2217 habuere
2462 2154 2659 2216 senio—

127 2276 254 2329 res,
320 2254 518 2313 donec
561 2252 822 2361 Philippi
867 2271 968 2313 res
1007 2269 1186 2311 orsus
1228 2252 1525 2329 obterere,
1584 2253 1849 2314 nobilem
1885 2254 2049 2332 apud
2102 2251 2515 2314 Chaeroneam
2568 2232 2660 2313 vi-

129 2351 396 2414 ctoriam
436 2350 530 2410 sui
551 2348 758 2429 operis
783 2348 973 2409 fuisse
1015 2348 1255 2409 iactavit
1291 2348 1749 2430 ademptamque
1789 2350 1903 2411 sibi
1938 2350 2309 2429 malignitate
2350 2353 2413 2408 et
2440 2346 2662 2408 invidia

129 2447 330 2529 patris
377 2452 574 2508 tantae
615 2446 706 2527 rei
765 2445 1038 2524 gloriam.
1109 2438 1352 2505 ²⁴¹lllum
1419 2444 1659 2525 quidem
1677 2493 1693 2522 ,
1742 2446 2038 2508 seditione
2092 2449 2249 2508 inter
2300 2444 2661 2508 macedones

129 2546 362 2607 milites
403 2552 466 2604 et
508 2561 762 2622 graecos
803 2543 1211 2603 mercenarios
1251 2547 1388 2602 orta
1404 2588 1419 2616 ,
1473 2541 1842 2603 debilitatum
1900 2542 2183 2618 vulnere,
2243 2543 2409 2623 quod
2466 2542 2531 2605 in
2590 2560 2663 2604 ea

135 2640 632 2706 consternatione
677 2644 1025 2718 acceperat,
1065 2638 1320 2700 iacuisse
1339 2687 1356 2714 ‚
1399 2640 1537 2699 non'
1564 2639 1709 2700 alias
1726 2687 1744 2713 ,
1809 2658 1987 2719 quam
2026 2638 2406 2701 simulatione
2448 2637 2663 2700 mortis
2704 2672 2713 2682 -
2756 2628 2773 2638 '

135 2741 454 2802 tutiorem:
498 2757 564 2797 se
607 2746 836 2816 corpus
873 2734 1002 2796 eius
1039 2736 1378 2814 protexisse
1419 2735 1621 2813 clipeo
1658 2755 1791 2811 suc,
1835 2742 2204 2815 ruentesque
2232 2734 2295 2794 in
2344 2733 2511 2794 illum
2550 2752 2663 2796 sua
2694 2724 2699 2729 ¹

133 2856 322 2897 mauu
363 2833 624 2894 occisos,
695 2828 748 2872 ²⁵
766 2837 938 2914 Quae
970 2835 1202 2910 patrem
1241 2851 1551 2912 uunquam
1606 2851 1803 2911 aequo
1854 2831 2053 2892 animo
2114 2849 2249 2890 esse
2298 2830 2661 2904 confessum,

137 2932 398 2993 invitum
443 2929 571 2990 filio
617 2929 932 2989 debentem
974 2927 1228 2990 salutem
1275 2947 1463 2988 suam.
1550 2929 1757 3008 Itaque
1796 2934 1939 3007 post
1982 2927 2441 3006 expeditionem,
2485 2945 2663 3006 quam

139 3030 271 3091 sine
313 3047 390 3088 eo
437 3025 680 3086 fecisset
711 3025 844 3104 ipse
886 3025 948 3085 in
979 3023 1236 3104 Illyrios,
1280 3025 1575 3086 victorem
1614 3025 1931 3104 scripsisse
1970 3045 2037 3086 se
2079 3025 2252 3103 patri,
2292 3024 2462 3085 fusos
2496 3025 2665 3112 fuga-

139 3131 364 3205 tosque
421 3122 654 3198 hostes,
701 3141 816 3182 nee
869 3122 1108 3184 affuisse
1163 3140 1416 3203 usquam
1477 3121 1836 3202 Philippum.
1913 3115 1969 3160 ²⁶
1983 3121 2189 3198 Laude
2240 3121 2457 3200 dignos
2508 3139 2663 3196 esse,

227 3328 425 3392 8,2,
467 3327 547 3379 16.
609 3328 923 3394 Excepit.
985 3329 1056 3378 Er
1095 3341 1207 3378 war
1252 3338 1320 3378 zu
1357 3323 1491 3381 Fuss
1530 3331 1594 3396 (g.
1634 3329 1717 3394 18)
1766 3333 1877 3384 und
1931 3333 2038 3400 fing
2076 3334 2175 3384 das
2212 3327 2667 3384 heransturzende

143 3402 304 3451 Thier
340 3399 631 3462 gleichsam
677 3398 776 3447 mit
821 3397 944 3447 dem
985 3397 1167 3460 Spiess
1211 3395 1318 3446 auf.
1394 3397 1464 3448 Es
1510 3400 1585 3449 ist
1626 3402 1709 3450 ein
1748 3401 1873 3451 sehr
1925 3401 2354 3452 bezeichnender
2385 3395 2667 3449 Ausdruok

143 3472 198 3519 in
232 3469 336 3518 der
372 3467 575 3531 leger-
618 3465 729 3514 und
763 3465 1234 3526 Fechterspracbe,
1285 3476 1420 3526 ganz
1457 3465 1557 3515 der
1588 3467 1755 3517 Natur
1788 3471 2147 3519 entnommen.
2211 3469 2361 3518 Auch
2398 3479 2524 3515 vom
2558 3465 2667 3513 Er-

141 3539 298 3599 legen
329 3535 430 3584 der
461 3534 640 3597 Vogel,
675 3533 864 3582 wieC.
905 3530 959 3591 7,
997 3528 1080 3593 24,
1117 3529 1200 3580 41.
1245 3556 1302 3566 -
1363 3527 1416 3591 8,
1457 3529 1506 3594 2,
1546 3531 1628 3584 17.
1698 3533 2040 3598 Vulqavit.
2106 3537 2155 3584 S.
2194 3549 2260 3584 zu
2298 3531 2347 3597 4,
2390 3531 2476 3593 35,
2516 3529 2567 3582 2.
2600 3557 2665 3565 -

145 3602 192 3665 8,
232 3599 406 3663 2,18.
465 3600 560 3650 Ne
593 3599 805 3667 pedes.
881 3599 1178 3649 Vielleioht·
1218 3612 1282 3645 ne
1317 3605 1438 3647 aue
1473 3572 1641 3665 pedes.

283 3689 333 3754 8,
368 3689 418 3753 3,
462 3689 542 3742 19.
583 3689 863 3740 Aetatis
905 3688 1433 3740 excusationem.
1471 3691 1543 3739 So
1578 3691 1688 3741 Cic.
1727 3703 1827 3753 pro
1864 3690 2002 3740 Cael.
2044 3689 2089 3752 1,
2128 3687 2193 3740 2.
2230 3689 2479 3740 Atratino
2513 3691 2665 3756 igm-

146 3779 252 3822 sco,
293 3761 385 3826 qui
421 3759 620 3808 habet
654 3757 1180 3809 excusationem
1219 3754 1533 3822 velpietatis
1554 3753 1639 3806 vel
1666 3756 1981 3806 necessitatis
2002 3730 2089 3806 vel,
2124 3759 2401 3808 aetatis.
2456 3758 2667 3810 Ebenso

145 3843 488 3878 excusare
533 3834 860 3888 aetatem,
911 3823 1386 3875 valetudinem
1433 3826 1547 3874 und
1584 3825 1750 3875 ebul..
1812 3824 1927 3874 sich
1980 3826 2079 3874 mit
2126 3826 2277 3875 einer
2314 3825 2485 3874 Saehe
2538 3828 2669 3874 ent-—

146 3896 480 3960 schuldigen,
517 3909 585 3944 zu
623 3895 1002 3958 rechtfertigen
1043 3893 1261 3944 suchen.
1320 3891 1493 3941 Ueber
1534 3893 1630 3943 des
1660 3892 1717 3942 A.
1742 3892 1888 3941 Alter
1924 3905 1966 3942 s.
2003 3892 2055 3942 C.
2100 3889 2155 3953 6,
2194 3888 2272 3952 14,
2314 3889 2365 3941 3.

286 3985 336 4052 8,
378 3985 426 4050 3,
459 3983 545 4038 20.
616 3985 798 4036 Nudo
836 3985 1076 4052 capite.
1151 3984 1420 4034 Rhosaces
1461 3983 1595 4033 oder
1628 3983 1915 4034 Rhoisaces
1950 3985 2098 4035 hatte
2129 3985 2307 4035 dieses
2343 3981 2516 4033 durch
2550 3984 2669 4033 sei—

145 4071 250 4108 nen
289 4025 473 4108 eisten
513 4055 646 4105 Hieb
679 4055 924 4105 bewirkt.
955 4080 1012 4090 —
1057 4049 1294 4100 multis
1333 4048 1614 4100 bellicis
1647 4050 1978 4117 operibus.
2047 4045 2213 4104 Clitus
2238 4052 2521 4115 befehligte
2548 4050 2669 4100 sru-

143 4127 242 4175 her
293 4125 385 4175 die
421 4119 512 4191 ἴλη
554 4119 792 4203 Βασιλικὴ
848 4122 945 4172 der
996 4119 1185 4188 ἑταῖροι
1231 4115 1419 4180 ἱππεῖς,
1479 4119 1663 4182 spater
1707 4119 1887 4170 theilte
1942 4134 2002 4172 er
2054 4123 2153 4171 mit
2195 4121 2520 4185 Hephastion
2566 4118 2669 4170 den

145 4187 471 4244 Oberbel‘ehl
507 4190 642 4242 uber
678 4190 856 4240 dieses
893 4203 1062 4253 ganza
1093 4189 1282 4249 Corps.

286 4279 336 4345 8,
373 4277 426 4340 3,
467 4277 549 4332 22.
627 4278 1050 4345 Tempestivo
1100 4275 1434 4327 convivio.
1513 4278 1564 4326 S.
1605 4291 1673 4328 zu
1710 4274 1758 4341 6,
1794 4275 1841 4342 4,
1879 4237 1928 4330 2.
1983 4306 2041 4316 -
2109 4275 2159 4342 8,
2187 4275 2235 4340 3,
2275 4276 2361 4330 23.
2425 4276 2671 4328 Silen-

148 4351 324 4398 tium
376 4347 669 4397 habuere
715 4348 852 4398 nach
895 4343 1144 4424 σιγὴνέχ
1146 4359 1236 4394 em
1274 4369 1332 4382 -—
1391 4341 1720 4396 obterere.
1783 4349 1836 4397 S.
1872 4345 1921 4410 8,
1956 4343 2004 4409 4,
2047 4344 2127 4397 31.
2187 4347 2293 4397 Cic.
2336 4349 2489 4398 Verr.
2527 4343 2579 4404 2,
2620 4343 2669 4408 5,

147 4415 193 4477 1,
225 4415 292 4466 2.
348 4431 474 4465 neve
529 4432 557 4464 ο
577 4413 606 4464 b
625 4415 748 4464 teri
799 4413 1057 4463 laudem
1107 4361 1501 4479 imperatoriam
1547 4412 1841 4463 criminibus
1895 4413 2153 4464 avaritiae
2190 4413 2373 4463 velitis.
2440 4415 2549 4463 Liv.
2587 4409 2670 4476 23,

143 4456 232 4546 43,
279 4481 378 4534 10:
435 4481 760 4532 Hannibalis
775 4483 1018 4532 virtutem
1053 4481 1318 4544 formam
1351 4495 1418 4528 ue
1462 4478 1695 4530 extollit:
1748 4481 1925 4548 populi
1966 4482 2169 4530 romani
2212 4498 2241 4530 o
2258 4480 2287 4531 b
2303 4481 2475 4530 terit
2525 4486 2673 4529 sene-

141 4559 373 4602 sectilem
406 4567 520 4601 cum
558 4549 750 4600 viribus
781 4550 1234 4599 maiestatem.
1283 4544 1486 4608 2,15,
1522 4544 1570 4597 7.

287 4639 339 4705 8,
377 4640 424 4705 3,
467 4637 547 4692 24.
625 4639 766 4690 Non
799 4639 1014 4700 alias,
1055 4655 1235 4706 quam
1271 4639 1319 4689 d.
1359 4638 1411 4690 h.
1441 4651 1545 4686 non
1578 4635 1690 4686 alia
1722 4654 1795 4699 re,
1827 4653 1929 4688 non
1966 4636 2077 4688 alia
2108 4638 2179 4687 de
2204 4648 2375 4700 causa,
2412 4638 2549 4688 nach
2586 4641 2676 4690 ei-

143 4723 272 4760 nem
309 4711 554 4762 seltenen
595 4709 704 4760 und
740 4711 930 4772 spaten
971 4675 1269 4758 G'ebrmeh.
1315 4733 1372 4744 -
1433 4705 1487 4766 8,
1527 4702 1581 4765 3,
1618 4703 1699 4756 25.
1760 4705 2063 4772 Usquam.
2119 4707 2197 4756 R:
2245 4722 2577 4772 unquamm—
2620 4703 2675 4768 8,

141 4776 192 4840 3,
231 4775 318 4828 26.
375 4777 909 4876 Samothra-eum.
953 4775 1082 4826 Eine
1121 4776 1316 4826 bittere
1335 4774 1660 4837 Auspielung
1694 4773 1793 4824 auf
1827 4775 1925 4825 das
1946 4773 2311 4839 Jugendlehen
2336 4777 2433 4827 des
2457 4775 2673 4840 Philipp.
