2975 5350
348 362 477 427 35⁰
734 388 743 397 ·
1290 360 1373 441 Q.
1419 358 1705 421 cumn
1753 358 1944 422 nuri

352 548 687 611 onmesque
724 528 1039 591 beluarum
1088 528 1345 608 pedibus
1388 529 1594 591 obtriti
1633 536 1800 605 sunt,
1855 548 1970 591 nec
2023 528 2382 608 prohibente
2429 521 2706 611 Philippo
2755 550 2844 591 nec

356 635 639 689 anctore:
710 622 760 665 ¹⁹
772 626 1251 707 apparebatque,
1304 624 1367 685 id
1402 627 1588 688 modo
1627 645 1740 705 pro
1783 645 1898 687 suo
1941 624 2378 689 vindicaturum
2396 676 2410 702 ,
2455 628 2622 708 quod
2662 646 2844 705 appro-

356 725 557 785 basset
594 730 859 784 eventus.
946 724 1079 783 Hoc
1120 722 1423 785 bellorum
1464 722 1724 783 civilium
1761 721 2198 783 Macedonibus
2237 727 2298 782 et
2339 742 2518 783 omen
2561 729 2620 785 et
2661 724 2847 803 princi-

358 820 525 901 pium
566 820 693 881 fust.
768 814 829 858 ²⁰
848 818 1188 897 Meleager,
1254 838 1397 882 sero
1442 818 1746 883 intellecta
1791 818 2002 879 fraude
2041 818 2393 894 Perdiccae,
2445 826 2574 881 tum
2625 820 2848 901 quidem,

360 916 502 997 quia
536 915 729 995 ipsius
773 914 1023 995 corpori
1062 915 1155 977 vis
1192 935 1315 977 non
1360 916 1747 990 afferebatur,
1811 915 1874 974 in
1929 913 2166 993 agmine
2221 914 2460 993 quietus
2515 915 2702 977 stetit:
2757 910 2852 977 Ἀεὶ

360 1032 523 1089 mox,
570 1015 847 1077 damnata
890 1030 1001 1091 spe
1040 1012 1266 1087 salutis,
1308 1032 1492 1093 quum
1535 1012 1666 1073 eius
1703 1010 1964 1085 nomine,
2009 1030 2186 1091 quem
2221 1011 2354 1089 ipse
2393 1012 2622 1072 fecerat
2665 1032 2851 1091 regem,

362 1109 425 1171 in
464 1112 793 1190 perniciem
830 1127 999 1171 suam
1041 1110 1357 1171 abutentes
1404 1109 1638 1169 videret
1681 1106 1973 1183 inimicoS,
2019 1107 2296 1187 confugit
2339 1108 2399 1167 in
2439 1108 2760 1187 templum:
2799 1128 2851 1169 ac

310 1244 324 1255 ·
362 1224 441 1269 ne
486 1208 607 1271 loci
652 1209 892 1291 quidm
926 1204 1217 1285 religione
1258 1207 1542 1267 defensus
1585 1204 1900 1266 occiditur.

530 1305 753 1367 XXX.
840 1300 890 1347 ¹³
906 1296 1249 1379 ¹Perdicca‚
1292 1304 1592 1383 perducto
1633 1302 1695 1361 in
1735 1300 1947 1363 urbem
1993 1302 2280 1375 exercitu,
2321 1301 2636 1363 consilinm
2675 1302 2854 1380 princi-

364 1418 511 1478 pum
548 1400 819 1464 virorum
848 1400 1071 1476 habuit,
1123 1400 1179 1459 in
1224 1418 1349 1481 quo
1388 1399 1706 1479 imperium
1749 1398 1828 1459 ita
1873 1398 2058 1459 dividi
2101 1396 2346 1476 placuit,
2391 1404 2461 1459 nt
2503 1416 2615 1458 rex
2653 1398 2854 1479 quidem

364 1512 657 1583 summam
703 1500 835 1559 eius
884 1497 1201 1559 obtineret.
1289 1497 1577 1574 Satrapes
1619 1496 2001 1557 Ptolemaeus
2043 1493 2306 1575 Aegypti
2359 1502 2419 1555 et
2459 1494 2704 1555 Africae
2743 1514 2852 1579 gen-

365 1592 509 1653 tium
530 1640 545 1667 ,
592 1614 747 1674 quae
792 1595 853 1653 in
906 1593 1147 1653 dicione
1202 1598 1389 1654 erant.
1482 1587 1921 1652 ²Laomedonti
1979 1592 2160 1671 Syria
2217 1612 2356 1652 cum
2396 1592 2698 1653 Phoenice
2749 1592 2853 1650 data

366 1692 489 1760 θείς
534 1690 807 1751 Philotae
844 1690 1059 1751 Cilicia
1102 1686 1427 1759 destinata3
1472 1687 1718 1766 Lyciam
1763 1706 1901 1749 cum
1944 1689 2294 1768 Pamphylia
2335 1696 2396 1749 et
2431 1688 2664 1749 maiore
2705 1689 2852 1766 Phry-

364 1782 465 1862 gia
508 1784 781 1848 obtinere
826 1786 1029 1847 iussus
1064 1784 1439 1863 Antigonum
1499 1785 1560 1844 in
1611 1784 1850 1847 Cariam
1875 1778 2254 1860 Cassander,
2297 1786 2632 1847 Menander
2677 1785 2730 1845 iu
2765 1788 2853 1862 Ly-

368 1878 527 1941 diam
572 1882 754 1945 missi.
844 1882 1163 1961 Phrygiam
1204 1880 1500 1943 minorem
1557 1882 1952 1961 Hellesponto
2009 1882 2349 1944 adiunctam
2405 1882 2698 1944 Leonnati
2743 1900 2852 1961 pro

366 1974 623 2038 vinciam
660 2000 797 2042 esse
846 1981 1167 2041 iusserunt.
1256 1973 1676 2057 ³Cappadocia
1729 1978 1980 2038 Eumeni
2041 1998 2178 2039 cnm
2229 1979 2640 2059 Paphlagonia
2693 1977 2851 2038 cessit

366 2072 760 2155 Praeceptum
806 2082 913 2151 est,
948 2082 1015 2135 nt
1052 2076 1361 2153 regionem
1406 2096 1540 2136 eam
1580 2092 1774 2154 usque
1815 2074 1891 2133 ad
1935 2076 2318 2153 Trapezunta
2359 2076 2720 2149 defenderet,
2757 2072 2852 2133 bel-

366 2168 495 2231 lum
534 2192 675 2233 cum
716 2173 1033 2234 Ariarathe
1075 2178 1333 2250 gereret.
1421 2166 1656 2233 *Solus
1699 2170 1796 2231 hic
1841 2171 2215 2233 detrectabat
2255 2172 2595 2251 imperium.
2681 2171 2852 2231 Pithon

365 2266 644 2345 Mediam,
689 2270 1079 2350 Lysimachus
1128 2269 1449 2331 Thraciam
1507 2267 1936 2348 appositasque
1991 2267 2288 2329 Thraciae
2344 2268 2626 2345 ponticas
2687 2272 2851 2345 gentes

368 2362 627 2427 obtineri
674 2366 840 2429 iussi.
926 2367 1047 2442 Qui
1092 2366 1293 2425 Indiae
1358 2365 1584 2445 quique
1625 2365 1862 2425 Bactris
1917 2369 1978 2427 et
2022 2363 2346 2443 Sogdianis
2397 2364 2730 2445 ceterisque
2777 2370 2852 2421 aut
2896 2422 2897 2427 ,

368 2460 583 2521 oceani
622 2468 727 2521 aut
766 2462 934 2523 rubri
970 2460 1151 2523 maris
1190 2462 1417 2523 accolis
1455 2466 1804 2540 praeerant,
1847 2461 2068 2540 quibus
2103 2460 2356 2541 quisque
2393 2461 2620 2521 finibus
2657 2457 2850 2519 habuis-
2896 2472 2897 2541 ᾗ

368 2560 495 2633 set,
533 2556 768 2636 imperii
817 2556 991 2618 etiam
1030 2557 1127 2618 ius
1166 2558 1539 2631 obtinerent,
1581 2556 1889 2619 decretum
1930 2562 2057 2630 est3
2115 2556 2404 2618 Perdicca
2449 2565 2526 2619 ut
2577 2576 2706 2617 cum
2744 2573 2852 2630 rege
2896 2546 2897 2583 ³

368 2658 547 2732 esset,
590 2654 903 2738 copiisqne
933 2660 1258 2735 praeesset,
1296 2672 1448 2734 quae
1472 2672 1678 2734 regem
1723 2654 2148 2734 sequebantur.
2197 2682 2204 2690 ·
2235 2648 2616 2716 ⁵Credidere
2655 2650 2852 2734 quidam

368 2757 723 2816 testamento
762 2751 1089 2814 Alexandri
1134 2751 1481 2812 distributas
1545 2769 1682 2812 esse
1729 2751 2105 2830 provinciam
2165 2751 2276 2812 sed
2327 2753 2550 2811 famam
2611 2751 2730 2811 eius
2772 2746 2852 2819 rei,

368 2867 727 2930 quamquam
770 2848 845 2910 ab
884 2848 1235 2909 auctoribus
1294 2847 1512 2908 tradita
1553 2854 1672 2930 est,
1740 2866 1952 2908 vanam
2012 2846 2200 2908 fuisse
2255 2847 2682 2926 comperimus
2766 2839 2853 2902 ⁶Et

369 2943 611 3024 quidem
654 2965 796 3008 suas
838 2945 1093 3026 quisque
1132 2962 1301 3021 opeS,
1344 2943 1549 3004 divisis
1577 2943 1812 3023 imperii
1856 2941 2147 3022 partibuS,
2187 2945 2542 3006 tuebantur:
2585 2961 2727 3024 quas
2765 2938 2853 3018 ipsi

370 3040 779 3118 fundaverant,
818 3042 872 3102 si
919 3059 1181 3121 unquam
1226 3040 1518 3102 adversus
1559 3039 1910 3102 immodicas
1959 3039 2318 3119 cupiditates
2359 3041 2651 3101 terminus
2687 3041 2852 3099 staret.

368 3133 647 3217 '‘Quippe
690 3139 874 3219 paulo
911 3144 1049 3198 ante
1092 3136 1251 3216 regis
1293 3136 1578 3212 ministri,
1623 3136 1830 3215 specie
1871 3136 2106 3215 imperii
2152 3136 2330 3198 alieni
2367 3135 2730 3216 procurandi
2765 3133 2853 3193 sin-

370 3233 499 3311 guli
544 3235 805 3312 ingentia
856 3234 1195 3293 invaserant
1254 3250 1467 3308 regna,
1531 3231 1782 3291 sublatis
1838 3233 2227 3294 certaminum
2277 3233 2476 3295 causis
2496 3281 2513 3310 ,
2579 3251 2752 3313 quum
2812 3235 2853 3286 et

366 3345 579 3388 omnes
612 3328 877 3387 eiusdem
900 3327 1093 3406 gentis
1118 3330 1334 3399 essent,
1381 3332 1440 3384 et
1462 3346 1498 3385 a
1530 3325 1748 3385 ceteris
1771 3325 1866 3386 sui
1911 3327 2166 3410 quisque
2205 3329 2722 3408 imperii-regione
2766 3325 2854 3384 dis
2894 3313 2895 3374 ἷ

368 3422 535 3486 creti.
627 3417 797 3484 8Sed
852 3421 1095 3482 difficile
1152 3431 1281 3484 erat
1334 3440 1409 3482 eo
1454 3426 1776 3482 contentos
1825 3442 1990 3499 esse,
2042 3426 2209 3505 quod
2273 3425 2574 3486 obtulerat
2619 3421 2852 3485 occasio:
2894 3383 2895 3430 ¹

369 3521 597 3603 quippe
640 3521 891 3582 sordent
931 3518 1123 3597 prima
1168 3537 1473 3600 quaeque,
1535 3537 1718 3598 quum
1761 3518 1994 3581 maiora
2034 3529 2370 3600 sperantur.
2455 3523 2664 3602 Itaque
2704 3516 2852 3581 omni-

368 3617 487 3682 bus
535 3616 871 3700 expeditius
914 3615 1230 3677 videbatur
1268 3635 1492 3694 augere
1540 3634 1742 3694 regua,
1785 3636 1964 3697 quam
2003 3617 2218 3680 fuisset
2255 3617 2552 3696 accipere.

537 3714 787 3776 XXXI.
883 3707 1233 3792 ⁹Septimiis
1260 3711 1389 3772 dies
1414 3717 1562 3786 erat,
1605 3729 1681 3771 ex
1709 3729 1832 3791 quo
1881 3731 2108 3791 corpus
2152 3713 2315 3792 regis
2353 3712 2586 3776 iacebat
2627 3713 2682 3774 iu
2717 3709 2851 3779 solie,

506 3916 585 3982 10,
627 3917 715 3980 30,
755 3919 799 3970 1.
880 3916 1261 3967 Obtineret.
1336 3917 1444 3966 Der
1476 3915 1852 3967 Schriftsteller
1891 3917 2120 3968 verlflsst
2154 3919 2271 3968 hier
2311 3919 2398 3968 die
2433 3917 2740 3982 begonnene
2770 3915 2847 3962 Pe·

368 3989 537 4046 rinde,
572 3987 684 4038 und
723 3988 860 4038 ohne
898 3987 1002 4038 den
1034 3985 1229 4034 letzten
1266 3985 1489 4034 Worten
1525 3985 1680 4034 einen
1717 3985 2078 4048 allgemeinen,
2118 3986 2216 4038 das
2249 3986 2514 4049 Folgende
2555 3982 2842 4036 vermitteln·

368 4055 471 4109 den
514 4057 808 4118 Gegensatz
846 4050 1359 4118 gegenubergestellt
1397 4066 1463 4101 zu
1501 4051 1692 4114 haben,
1743 4053 1961 4104 verliert
2005 4067 2064 4103 er
2111 4054 2229 4104 sich
2265 4054 2320 4103 in
2370 4054 2456 4104 die
2505 4057 2676 4106 etwas
2711 4051 2846 4100 sorm-

368 4124 483 4176 lose
510 4121 831 4186 Autzahlung
870 4122 970 4172 der
1008 4119 1417 4170 Einzelnheiten.

505 4212 585 4273 10,
624 4211 713 4274 30,
748 4209 796 4262 3.
873 4210 1272 4261 Ariarathe.
1330 4210 1405 4259 F.:
1454 4206 1668 4259 Arbate.
1707 4235 1766 4248 -
1837 4207 1917 4270 10,
1950 4206 2032 4271 30,
2070 4206 2119 4260 4.
2184 4207 2462 4259 Ceteris
2494 4218 2609 4260 aiat
2656 4200 2846 4258 oceani

368 4286 488 4333 aut
524 4278 721 4330 rubri
759 4278 981 4328 naris
1015 4275 1293 4328 accolis.
1360 4278 1487 4327 nior
1522 4279 1596 4328 ist
1634 4276 1731 4328 das
1766 4275 1978 4326 mbram
2007 4292 2151 4328 mare
2185 4278 2242 4328 in
2278 4283 2558 4342 grosserer
2581 4277 2843 4328 Besohrin-

368 4349 514 4414 kung
556 4349 633 4400 als
668 4351 822 4400 sonst
858 4345 1190 4411 gewohnlich
1228 4343 1554 4408 gebraucht3
1593 4358 1636 4396 s.
1678 4358 1743 4394 zu
1784 4341 1838 4404 3,
1874 4339 1921 4406 4,
1961 4341 2009 4394 9.
2089 4345 2234 4396 Abel·
2273 4347 2416 4396 auch
2447 4345 2738 4410 abgesehen
2767 4339 2844 4388 da-

368 4429 493 4480 von,
532 4416 606 4469 ist
642 4415 740 4466 der
763 4413 1045 4471 Ausdruck
1077 4427 1341 4476 ungenau‚
1379 4413 1433 4462 in
1470 4426 1535 4464 so
1573 4412 1687 4464 fem
1723 4412 2070 4463 unmittelbar
2098 4413 2300 4464 vorber
2335 4413 2424 4464 die
2462 4413 2740 4464 Bewobner
2765 4417 2842 4454 von

368 4483 565 4534 Baktra
603 4484 714 4534 und
755 4483 1020 4546 Sogdiana
1070 4485 1305 4546 genennt
1352 4481 1489 4532 sind.
1531 4507 1588 4516 —
1653 4477 2089 4544 obtinerent,
2145 4480 2500 4532 decretam
2549 4486 2668 4540 ast,-
2711 4475 2844 4526 Per-

369 4550 565 4602 dicca
600 4557 689 4604 ut.
732 4551 811 4602 R:
854 4548 1119 4599 obtineret.
1192 4547 1465 4598 Decretum
1505 4554 1595 4612 eat,
1635 4553 1693 4600 ut
1729 4545 1997 4598 Perdicca.

508 4639 587 4704 10,
628 4639 709 4703 30,
746 4638 799 4692 6.
856 4639 1363 4692 Fandaveraat.
1430 4637 1605 4701 Vergl.
1643 4638 1747 4688 Cic.
1785 4640 2040 4690 Paradox.
2083 4636 2127 4700 1,
2166 4636 2216 4700 2,
2255 4637 2350 4692 102
2391 4638 2480 4706 qui
2519 4639 2680 4688 hane
2707 4643 2842 4682 rem·
2892 4601 2893 4694 1

368 4705 713 4770 publicam
752 4715 879 4757 tau·
911 4705 1283 4773 praeclare
1314 4704 1678 4768 fundatam
1715 4705 1858 4756 urbia
1893 4705 2226 4774 reliquunt.
2281 4708 2395 4758 Liv-
2425 4705 2476 4770 3,
2511 4703 2596 4768 56,
2636 4703 2692 4756 12
2720 4699 2841 4765 [0⁶¹⁸-

371 4769 541 4818 data
576 4778 627 4819 et
660 4779 937 4849 potestate·
956 4772 1234 4823 mbunicia
1260 4779 1311 4823 et
1338 4770 1503 4838 plebia
1541 4769 1792 4824 libertate.
