2975 5350
338 359 427 425 X.
476 358 551 425 V.
592 360 890 423 40-42.
932 354 1039 417 Vl.
1074 356 1370 421 43—45.
1410 353 1547 419 VH.
1597 357 1802 419 1—7.
1846 351 2011 418 vm.
2055 357 2307 419 8-11.
2475 346 2604 417 331

226 531 365 594 vn.
402 515 693 611 fldlgitm·
734 527 977 608 triginta
1010 525 1267 589 navibus
1306 526 1562 589 Sunium
1613 525 2053 599 transmittunt,
2117 524 2606 603 promontorium

67 636 151 691 est
170 628 421 691 Atticae
448 633 669 702 terrae,
706 625 868 687 unde
908 628 1155 705 portum
1194 623 1365 685 urbis
1401 628 1612 703 petere
1645 622 2054 683 decreverant.
2137 616 2284 682 ²His
2327 621 2604 703 cognitis,

68 746 167 788 rex
204 723 495 806 Harpalo
532 720 1117 801 Atheniensibusque
1162 719 1329 782 iuxta
1366 720 1621 782 infestus
1659 717 1915 781 classem
1955 717 2158 797 parari
2199 718 2384 795 iubet,
2423 719 2606 781 Athe-

72 843 171 885 nas
212 822 511 903 protinus
554 818 872 898 petiturus,
960 810 991 857 ³
1006 816 1191 891 Quod
1234 815 1558 879 consilium
1603 834 1788 897 quum
1831 814 1990 877 elam
2029 813 2232 894 agitat,
2268 815 2510 893 litterae
2549 816 2606 877 ei

72 920 407 982 redduntur
420 966 437 996 ,
502 915 829 995 Harpalum
870 914 1127 975 intrasse
1164 912 1407 994 quidem
1444 913 1738 989 Athenas,
1795 910 2054 992 pecunia
2093 912 2452 975 conciliasse
2491 913 2608 975 sibi

75 1016 415 1097 principum
456 1013 722 1075 animos:
764 1030 907 1073 mox
922 1058 937 1087 ,
970 1008 1233 1073 concilio
1273 1008 1471 1090 plebis
1519 1008 1754 1085 habito,
1793 1008 2026 1071 iussum
2041 1054 2063 1083 ,
2098 1009 2272 1071 urbe⁵
2291 1008 2610 1083 excedere,

77 1112 143 1173 ad
181 1129 447 1192 graecos
492 1109 713 1171 milites
772 1105 1153 1190 pervenisse,
1214 1106 1438 1187 quibus
1486 1107 1550 1169 in
1595 1106 1840 1168 Cretam
1896 1105 2184 1187 traiectis,
2245 1123 2282 1166 a
2343 1104 2608 1186 quodam

81 1208 447 1269 Thimbrone
474 1206 899 1286 interemptum
923 1222 1037 1283 per
1060 1202 1327 1265 iusidias.
1410 1197 1562 1265 4His
1597 1202 1792 1265 laetus
1831 1202 1896 1263 in
1921 1202 2231 1283 Europam
2274 1201 2606 1263 traiiciendi

81 1303 386 1365 consilium
436 1303 669 1365 omisit:
724 1302 835 1365 sed
877 1300 1087 1363 exules
1100 1346 1116 1377 ,
1172 1304 1417 1379 praeter
1456 1319 1566 1363 eos
1581 1346 1599 1377 ,
1661 1299 1766 1382 qui
1805 1299 1966 1361 civili
2027 1301 2316 1380 sanguine
2375 1299 2610 1378 aspersi

83 1407 251 1476 erant,
290 1400 495 1479 recipi
534 1399 613 1462 ab
656 1398 939 1462 omnibus
980 1396 1357 1459 Graecorum
1398 1396 1759 1475 civitatibus,
1807 1398 1944 1480 quis
1988 1397 2147 1478 pulsi
2187 1401 2376 1471 erant,
2419 1396 2612 1459 iussit.

83 1492 181 1557 ⁵Et
198 1497 447 1574 Graeci,
486 1494 651 1558 haud
667 1495 799 1558 ausi
822 1494 1143 1575 imperium
1168 1494 1495 1575 aspernari,
1537 1512 1900 1577 quamquam
1940 1492 2366 1556 'solvendarum
2407 1493 2612 1573 legum

86 1593 139 1653 id
175 1592 549 1673 principium
592 1610 727 1654 esse
764 1592 1124 1668 censebant,
1184 1590 1347 1653 bona
1390 1610 1636 1673 quoqne
1652 1640 1667 1670 ,
1732 1610 1888 1674 quae
1925 1597 2226 1669 extarent,
2292 1594 2612 1655 restituere
2707 1620 2716 1627 ·

89 1690 382 1753 damnatis.
470 1684 649 1752 ‘Soli
687 1688 1089 1750 Athenienses
1105 1735 1121 1765 ,
1166 1708 1289 1751 non
1328 1708 1475 1751 suae
1517 1690 1704 1751 modo
1718 1738 1734 1765 ,
1787 1688 1894 1750 sed
1939 1689 2114 1750 etiam
2159 1691 2440 1770 publicae
2485 1691 2616 1753 vin-

92 1787 241 1849 dices
276 1787 617 1863 libertatis,
662 1785 1070 1848 colluvionem
1110 1786 1451 1861 hominum,
1513 1786 1654 1867 quia
1695 1804 1876 1865 aegre
1912 1785 2214 1861 ferebant,
2273 1806 2397 1849 non
2439 1790 2614 1868 regio

90 1883 345 1963 imperio,
388 1884 507 1946 sed
534 1884 769 1964 legibus
812 1882 1203 1963 moribusque
1246 1882 1457 1962 patriis
1497 1882 1630 1962 regi
1671 1881 1912 1957 assueti,
1957 1883 2330 1960 prohibuere
2373 1884 2611 1963 finibus,

96 1978 311 2043 ⁷omnia
352 1981 565 2062 potius
608 1978 922 2043 toleraturi
940 2027 959 2055 ,
1016 1998 1191 2060 quam
1242 1984 1637 2059 purgamenta
1669 1979 1972 2061 quondam
2015 1978 2186 2041 urbis
2230 1998 2375 2043 suae
2393 2030 2410 2058 ,
2467 1988 2614 2045 tuno

98 2080 255 2140 etiam
282 2078 473 2153 exilii,
520 2077 917 2139 admitterent.

245 2177 403 2241 vm.
500 2170 537 2213 ⁸
556 2174 915 2248 Alexander,
958 2170 1301 2233 senioribus
1326 2170 1580 2234 militum
1613 2172 1676 2233 in
1702 2174 1954 2254 patriam
1997 2175 2282 2252 remissiS‚
2323 2176 2618 2243 tredecim

99 2270 244 2333 milia
282 2274 563 2353 peditum
602 2278 665 2333 et
702 2270 823 2333 duo
866 2268 1031 2330 milia
1068 2268 1353 2348 equitum,
1402 2288 1560 2351 quae
1603 2270 1665 2331 in
1702 2270 1846 2335 Asia
1889 2272 2192 2350 retineret,
2237 2271 2378 2353 eligi
2419 2273 2613 2348 iussit,

105 2369 451 2447 existimans,
504 2369 751 2431 modico
790 2366 1061 2429 exercitu
1097 2368 1407 2429 continere
1451 2386 1636 2447 posse
1677 2368 1882 2451 Asiam
1902 2419 1917 2447 ,
1957 2371 2100 2451 quia
2143 2363 2420 2451 pluribus
2461 2370 2617 2433 locis

106 2468 378 2542 praesidia
415 2466 853 2547 disposuissem
900 2482 1217 2545 nuperque
1256 2465 1530 2528 conditas
1564 2467 1749 2528 urbes
1769 2516 1784 2543 ,
1827 2460 1994 2549 quas'
2021 2467 2258 2530 colonis
2302 2464 2616 2549 replesset,

110 2580 191 2624 res
213 2584 431 2626 novare
476 2562 865 2643 cupientibus
902 2559 1148 2622 obstare
1186 2558 1489 2624 credebat.
1583 2558 1908 2625 ⁹Ceterum
1945 2562 2298 2645 priusquam
2342 2583 2620 2628 secerne-

110 2664 210 2734 ret,
249 2681 400 2742 quos
442 2667 581 2724 erat
621 2662 996 2733 retenturus,
1044 2656 1260 2733 edixit,
1296 2664 1363 2720 ut
1399 2679 1609 2722 omnes
1656 2660 1874 2724 milites
1911 2681 2014 2723 aes
2057 2660 2316 2725 alienum
2376 2664 2621 2743 profite-

112 2764 311 2820 rentur.
396 2759 606 2821 Grave
644 2755 951 2836 plerisque
996 2771 1131 2814 esse
1175 2764 1581 2834 compererat,
1625 2765 1711 2834 et,
1755 2777 2115 2840 quamquam
2157 2760 2428 2839 ipsorum
2472 2760 2620 2822 luxu

115 2860 461 2920 contractum
506 2861 664 2930 erat,
712 2851 1047 2914 dissolvere
1090 2855 1290 2914 tamen
1330 2851 1463 2931 ipse
1507 2854 1872 2917 decreverat.
1948 2851 2112 2918 1⁰111i
2128 2907 2144 2934 ,
2191 2857 2407 2918 tentari
2439 2851 2620 2938 'ipsos

114 2950 225 3026 rati,
262 2973 383 3033 quo
412 2951 667 3015 'facilius
704 2950 781 3010 ab
822 2947 1069 3026 integris
1107 2952 1498 3027 sumptuosos
1533 2949 1918 3029 discerneret,
1956 2955 2318 3034 prolatando
2355 2956 2625 3038 aliquam

117 3050 223 3106 tum
260 3053 645 3112 extraxerant
684 3045 989 3126 temporis,
1079 3045 1155 3106 Et
1196 3063 1305 3105 rex
1350 3045 1498 3107 satis
1538 3065 1778 3126 gnaruS,
1823 3041 2190 3130 professioni
2230 3053 2385 3114 aeris
2428 3052 2626 3132 pudo·

123 3160 249 3221 rem,
290 3167 411 3210 non
449 3142 895 3226 contumaciam
944 3141 1206 3217 obstare,
1243 3159 1481 3204 mensas
1508 3145 1650 3206 totis
1691 3147 1904 3208 castris
1932 3147 2081 3226 poni
2123 3149 2294 3211 iussit
2330 3156 2391 3211 et
2415 3151 2626 3211 decem

119 3241 259 3302 milia
309 3245 604 3307 talentum
656 3239 938 3322 proferri.
1010 3234 1055 3278 ¹¹
1068 3237 1225 3300 Tum
1282 3233 1523 3301 demum
1587 3242 1708 3304 fide
1761 3245 1919 3306 facta
1969 3246 2231 3325 professi
2280 3254 2450 3324 sunt,
2509 3265 2628 3308 nec

122 3435 194 3470 ros
234 3425 454 3478 Graecos
498 3425 881 3486 auctoritatem,
936 3431 1046 3474 tum
1080 3423 1337 3477 occultum
1374 3425 1431 3475 in
1458 3426 1770 3479 Macedonas
1809 3427 1980 3479 edimn
2011 3438 2182 3492 norat,
2238 3430 2412 3482 sedulo
2444 3429 2628 3484 cohu-

124 3497 211 3538 rat.
282 3493 463 3561 Itaque
500 3511 637 3563 spem
672 3493 776 3542 suis
816 3491 1061 3555 faciebat,
1116 3490 1445 3542 Athenienses
1480 3494 1702 3545 adventu
1740 3511 1829 3544 suo
1872 3499 2090 3562 coqnito,
2124 3500 2400 3565 copiisque
2452 3507 2500 3548 et
2529 3517 2631 3567 pe-

126 3559 279 3622 cuniis,
318 3579 443 3628 quas
489 3563 779 3621 adduceret,
820 3576 997 3609 coram
1031 3559 1287 3626 inspectis,
1342 3562 1580 3626 protinus
1616 3579 1766 3612 arma
1817 3563 2132 3630 consiliaque
2173 3566 2463 3616 sociaturos
2509 3583 2630 3618 erse.

126 3621 243 3676 Nam
275 3631 410 3696 apud
442 3629 690 3698 populum
728 3628 1017 3695 imperitum
1054 3635 1103 3676 et
1140 3625 1389 3687 mobilem,
1428 3644 1528 3694 per
1563 3628 1784 3679 homines
1822 3630 2078 3697 improbos
2116 3640 2165 3682 et
2203 3634 2434 3686 avaritia
2465 3647 2629 3684 vena-

131 3688 205 3752 les,
237 3697 399 3748 omnia
430 3715 485 3749 se
516 3693 803 3748 muneribus
838 3702 1259 3762 commutaturum
1293 3694 1636 3746 existimabat.

250 3786 325 3851 10,
366 3788 413 3851 7,
460 3791 504 3841 1.
571 3789 861 3840 Sunium.
925 3789 1014 3838 Bei
1048 3791 1243 3850 Zumpt
1277 3801 1391 3838 war
1429 3789 1517 3838 die
1555 3790 1738 3852 interp
1793 3803 1856 3840 so
1891 3790 2180 3854 geiindert.·
2205 3791 2378 3857 ‚igitur
2415 3793 2636 3859 triginta

132 3852 319 3904 navibus
352 3857 565 3909 Suniium
616 3857 981 3906 transmittunt.
1053 3853 1463 3906 Promontorium
1510 3862 1584 3906 cst
1622 3855 1832 3908 Atticae
1873 3866 2058 3921 terrae,
2107 3859 2242 3910 unde
2284 3867 2494 3926 portum
2535 3878 2636 3911 nr-

136 3913 197 3964 bis
222 3929 387 3986 petere
424 3927 769 3986 decreverant,
816 3931 955 3976 etwa
996 3913 1097 3974 wie
1123 3922 1199 3986 10,
1226 3919 1278 3983 4,
1304 3921 1390 3976 ⁸22.
1422 3951 1486 3960 —
1528 3921 1822 3975 Atticae
1862 3933 2116 3976 terrae.
2158 3929 2332 3990 Ver-gl.
2355 3927 2402 3992 7,
2428 3927 2505 3991 18,
2531 3926 2631 3980 26:

135 3981 547 4045 Bactrianae
604 4001 849 4043 terrae.
904 3989 953 4049 7,
994 3987 1077 4052 14,
1122 3989 1216 4040 19:
1268 3989 1381 4041 alia
1433 3992 1747 4057 reyienis
1781 3993 2108 4059 Scythiae
2157 3993 2373 4046 deserta.
2454 4000 2524 4048 So
2563 3998 2638 4046 in

140 4056 317 4108 terra
351 4059 597 4112 Attica
633 4061 720 4120 bei
758 4062 880 4112 Gen.
908 4061 963 4110 N.
991 4059 1046 4111 A.
1086 4057 1237 4122 15,1,
1276 4073 1338 4110 so
1377 4067 1616 4110 terrae
1652 4057 1941 4124 Africae
1977 4063 2063 4113 bei
2089 4064 2219 4114 Hit-t.
2251 4063 2632 4128 he11.atr.3,4.

166 4211 175 4221 ι
256 4148 333 4214 10,
369 4152 421 4214 7,
460 4153 511 4206 3.
590 4153 789 4216 Quum
825 4150 1005 4202 clam
1040 4151 1288 4217 agitat.
1327 4152 1406 4204 R:
1446 4153 1566 4202 dum
1599 4152 1768 4218 agitat
1803 4152 1952 4205 clam.
1990 4182 2047 4192 --
2087 4155 2510 4224 principum.
2568 4159 2636 4210 Es

142 4215 245 4270 Smd
292 4217 584 4274 besonders
630 4223 717 4273 die
768 4221 979 4273 Redner
1034 4221 1285 4283 gemeint.
1327 4236 1389 4258 -b
1451 4220 1690 4286 quibus
1743 4221 1812 4271 in
1857 4221 2123 4272 Cretam
2176 4226 2537 4290 traiectis,
2603 4241 2640 4275 a

144 4284 387 4340 quodam
431 4287 839 4342 Thimbronc
870 4288 1347 4355 interemptum
1380 4305 1501 4354 per
1531 4289 1850 4342 insidias.
1901 4291 2056 4340 F.:.a
2095 4290 2272 4358 quibus
2305 4293 2640 4361 interceptum

145 4352 184 4394 εί
212 4354 511 4408 trucidatum
544 4376 579 4408 a
616 4357 836 4424 quodam
867 4356 1068 4406 viatore
1095 4371 1194 4422 per
1223 4355 1455 4406 insidias.
1511 4357 1670 4409 Jenes
1703 4371 1826 4410 zum
1857 4361 2108 4424 grossten
2142 4361 2288 4412 Theil
2322 4363 2460 4413 nach
2493 4364 2639 4426 Conj.

264 4441 344 4506 10,
376 4447 429 4510 7,
468 4446 518 4500 4.
604 4447 822 4500 Civili
864 4447 1197 4513 sanquine
1229 4447 1525 4513 aspersi.
1601 4451 1679 4500 lm
1717 4452 2118 4516 eigentlichsten
2159 4453 2322 4504 Sinne
2362 4453 2500 4504 oi'ter
2535 4467 2640 4518 ge-

148 4499 379 4576 braucht;
416 4531 457 4568 s.
497 4533 563 4570 zu
603 4516 653 4581 8,
696 4515 775 4579 12,
819 4514 898 4569 11.
938 4541 997 4554 ·-
1060 4514 1144 4576 10,
1186 4515 1233 4576 7,
1268 4512 1317 4566 6.
1365 4513 1840 4568 Colluvionen
1878 4518 2218 4570 hominum.
2292 4521 2640 4572 Dazwischen

147 4568 225 4622 hat
257 4580 307 4627 Z.
340 4586 477 4636 nach
514 4589 661 4650 conj.
700 4585 935 4636 ordinm
970 4585 1256 4649 eingefugt,
1307 4583 1570 4635 wilhrend
1607 4586 1695 4638 die
1730 4587 1894 4638 Codd.
1935 4587 2164 4638 ordiam
2199 4589 2390 4639 haben.
2433 4613 2514 4636 -ι
2556 4586 2640 4648 10,

150 4633 189 4701 7»
224 4639 265 4693 7·
301 4645 767 4719 Pergamenum.
796 4655 851 4704 S.
890 4667 957 4704 zu
994 4649 1047 4714 6,
1084 4649 1171 4712 41,
1211 4650 1261 4702 2.

270 4736 346 4803 10,
383 4741 431 4806 8,
460 4745 510 4798 8.
584 4747 713 4797 Res
752 4761 1021 4796 novare.
1058 4747 1142 4796 R:
1181 4759 1263 4794 res
1302 4757 1565 4796 renovare.
1605 4773 1668 4782 ·--
1729 4743 2044 4795 credelmt
2099 4747 2171 4797 ist
2217 4757 2322 4798 von
2359 4747 2410 4798 Ζ.
2445 4745 2635 4799 hinzu-

156 4801 327 4868 ssffissi·
368 4835 423 4850 -·-
470 4813 547 4879 10,
583 4813 635 4879 8,
682 4813 765 4868 10.
818 4809 1191 4868 Talentum.
1232 4813 1313 4864 F.:
1356 4811 1682 4867 tuleram-um.
1721 4815 1771 4866 S.
1809 4825 1874 4865 zu
1909 4811 1963 4875 3,
1995 4811 2077 4877 35,
2121 4810 2200 4865 16.
