2975 5350
336 325 463 394 244
846 419 855 426 ¹
1271 326 1348 405 Q.
1396 323 1678 386 cmrru
1725 323 1920 386 num

344 499 607 578 Scythae
644 495 923 556 admotos
976 493 1220 570 ordines
1274 495 1546 576 equitum
1595 493 1658 554 in
1715 495 1914 574 primo
1973 494 2144 573 ripae
2205 493 2471 572 margine
2537 505 2884 575 opponunt,

346 605 413 660 ut
458 615 535 655 ne
590 592 883 673 applicari
928 591 1173 672 quidem
1212 598 1411 652 terrae
1453 597 1616 652 rates
1669 598 1937 670 possent.
2039 584 2068 628 ⁶
2083 589 2368 652 Ceterum
2424 597 2686 670 praeter
2738 595 2884 656 hanc

348 692 615 774 speciem
656 689 805 769 ripis
837 687 1235 768 praesidentis
1280 689 1580 748 exercitus
1635 687 1846 766 ingens
1893 688 2242 766 navigantes
2297 691 2500 774 terror
2553 688 2884 752 invaserat:

348 807 607 869 namque
648 805 892 848 cursum
932 784 1400 863 gubernatores,
1456 805 1642 866 quum
1687 783 1938 863 obliquo
1979 784 2224 844 flumine
2265 783 2775 862 impellerentur,
2805 805 2882 846 re

352 907 495 967 gere
534 905 657 946 non
696 887 1005 963 poterant,
1056 879 1524 961 vacillantesque
1577 880 1794 941 milites
1847 885 1938 956 et,
1988 899 2066 941 ne
2123 885 2590 955 excuterentur,
2641 881 2890 946 solliciti

352 989 667 1045 nautarum
706 977 1033 1041 ministeria
1072 977 1472 1038 turbaverant.
1562 973 1588 1014 ⁷
1603 977 1702 1038 Ne
1745 975 1870 1038 tela
1909 977 2152 1057 quidem
2204 975 2406 1038 conati
2455 977 2602 1038 nisu
2651 978 2890 1038 vibrare

354 1085 651 1161 poterant,
696 1095 879 1158 quum
904 1073 1077 1153 prior
1114 1073 1309 1134 standi
1344 1073 1473 1135 sine
1517 1073 1811 1152 pericu10‚
1857 1091 2033 1153 quam
2077 1075 2312 1148 hostem
2355 1074 2713 1135 incessendi
2745 1095 2894 1136 cura

354 1183 531 1240 esset.
618 1177 945 1234 Tormenta
980 1169 1157 1230 saluti
1202 1171 1481 1244 fuerunt,
1539 1170 1758 1250 quibus
1809 1170 1868 1230 in
1909 1172 2220 1232 confertos
2267 1189 2338 1230 ac
2391 1178 2632 1231 temere
2687 1191 2760 1232 se
2809 1174 2890 1232 of·

358 1275 619 1337 ferentes
639 1269 797 1329 haud
836 1268 1059 1328 frustra
1104 1285 1359 1328 excussa
1404 1281 1544 1328 sunt
1581 1265 1720 1328 tela.
1804 1259 2102 1326 8Barbari
2151 1286 2394 1347 quoque
2439 1267 2743 1346 ingenten
2782 1271 2888 1330 vim

356 1369 704 1448 sagittarum
745 1363 1023 1426 infudere
1064 1363 1313 1426 ratibuS.
1400 1364 1640 1444 Vixque
1679 1362 1865 1424 ullum
1911 1363 2020 1423 fuit
2057 1369 2294 1426 scutum
2315 1412 2330 1440 ,
2375 1365 2550 1444 quod
2591 1383 2730 1426 non
2773 1367 2886 1446 pln-

356 1467 525 1528 ribus
558 1461 739 1524 simul
776 1457 1026 1541 spiculis
1068 1459 1498 1537 perforaretur.

522 1558 855 1620 XXXVII.
948 1551 1235 1635 ⁹1amque
1260 1561 1455 1616 terrae
1477 1563 1637 1618 rates
1673 1556 2148 1638 applicabantur,
2193 1577 2378 1638 quum
2423 1558 2594 1619 acies
2639 1559 2890 1638 clipeata

358 1657 669 1735 consurgit
712 1660 773 1715 et
813 1655 1013 1714 hastas
1060 1657 1229 1712 certo
1276 1651 1416 1728 ictu,
1466 1659 1680 1733 utpote
1725 1655 1918 1716 libero
1963 1656 2128 1730 nisa,
2171 1654 2345 1715 mittit
2389 1675 2424 1714 e
2474 1655 2744 1717 ratibus.
2825 1657 2892 1716 Et

358 1761 427 1818 ut
472 1752 717 1814 territos
760 1750 1247 1830 recipientesque
1288 1767 1477 1828 equos
1524 1750 1761 1826 videre,
1820 1752 2051 1812 alacres
2097 1759 2299 1813 mutua
2339 1751 2778 1813 adhortatione
2839 1754 2888 1811 in

358 1859 581 1914 terram
615 1848 931 1910 desiluere.
1008 1843 1065 1887 ¹⁰
1080 1845 1363 1908 Turbatis
1402 1846 1623 1908 acriter
1665 1847 1879 1928 pedem
1925 1848 2144 1909 inferre
2177 1853 2534 1928 coeperunt.
2609 1849 2888 1929 Equitum

364 1947 581 2010 deinde
632 1952 893 2020 turmae,
962 1961 1117 2025 quae
1160 1941 1427 2004 frenatos
1469 1942 1765 2002 habebant
1802 1961 2020 2024 equOS‚
2078 1946 2430 2024 perfregere
2485 1945 2890 2007 barbarorum

362 2045 571 2108 aciem.
668 2043 911 2104 Interim
958 2039 1144 2102 ceteri
1201 2038 1437 2118 agmine
1499 2039 1900 2100 dimicantium
1955 2041 2098 2102 tecti
2159 2048 2442 2121 aptavere
2499 2061 2573 2101 se
2639 2061 2891 2122 pugnae.

362 2140 407 2182 ¹¹
432 2126 571 2221 lpse
613 2158 753 2215 rex,
807 2138 973 2220 quod
1028 2135 1253 2212 vigoris
1312 2155 1500 2214 aegro
1540 2135 1734 2196 adhuc
1781 2138 2030 2218 corpori
2089 2139 2321 2212 deerat,
2381 2137 2572 2197 animi
2617 2138 2891 2198 firmitate

365 2239 700 2320 supplebat.
786 2237 927 2294 Vox
972 2232 1345 2293 adhortantis
1380 2250 1504 2292 non
1543 2237 1782 2310 poterat
1827 2233 2054 2312 audiri,
2111 2234 2378 2295 nondum
2420 2234 2588 2294 bene
2633 2236 2888 2296 obducta

366 2333 645 2398 cicatrice
686 2329 959 2404 cervicis,
1000 2327 1109 2388 sed
1152 2327 1530 2389 dimicantem
1575 2330 1778 2390 cuncti
1819 2329 2118 2392 videbant.
2188 2327 2238 2370 ¹²
2251 2332 2462 2413 ltaque
2501 2331 2632 2410 ipsi
2679 2334 2884 2393 ducum

364 2430 765 2508 fungebantur
810 2423 1033 2499 officio,
1074 2423 1347 2504 aliusque
1390 2425 1574 2485 alium
1613 2420 1927 2502 adhortati,
1971 2427 2030 2487 in
2065 2429 2298 2488 hostem
2325 2427 2540 2488 salutis
2588 2429 2878 2489 immemo

362 2547 462 2588 res
502 2543 681 2612 ruere
725 2525 1075 2600 coeperunt.
1151 2514 1369 2582 13Τιιιῐι
1404 2541 1554 2583 vero
1597 2542 1722 2583 non
1767 2543 1876 2584 ora
1893 2572 1908 2599 ‚
1959 2543 2082 2586 non
2125 2540 2321 2598 arma,
2373 2543 2496 2584 non
2563 2524 2885 2587 clamorem
2950 2557 2951 2564 κ

362 2623 625 2687 hostium
664 2617 902 2681 barbari
948 2617 1209 2680 tolerare
1252 2624 1611 2699 potuerunt,
1673 2639 2002 2701 omnesque
2054 2620 2258 2683 effusis
2301 2621 2554 2684 habenis
2619 2627 2886 2707 (namque

364 2719 657 2805 equestris
704 2718 864 2779 acies
910 2719 1065 2796 crat)
1110 2722 1435 2796 capessunt
1476 2719 1692 2798 fugam.
1783 2724 1956 2801 Quos
2015 2738 2126 2778 rex
2144 2768 2159 2794 ‚
2217 2739 2588 2800 quamquam
2633 2722 2885 2783 vexatio

362 2839 497 2880 nem
520 2816 763 2879 invalidi
802 2813 1084 2893 corporis
1129 2815 1251 2894 pati
1294 2834 1420 2875 non
1451 2822 1706 2894 poterat,
1742 2836 1857 2894 per
1883 2816 2136 2875 LXXX
2179 2822 2377 2875 tamen
2413 2817 2620 2880 stadia
2665 2818 2884 2899 insequi
2948 2860 2949 2884 η

363 2914 788 2997 perseveravit.
873 2906 923 2949 ¹⁴
940 2912 1181 2994 Iamque
1226 2911 1534 2992 linquente
1579 2911 1775 2972 animo
1813 2913 1936 3008 suis
1988 2912 2328 2990 praecepit,
2375 2920 2444 2973 ut
2485 2912 2700 2977 donec
2753 2916 2885 2978 lucis
2948 2888 2949 2968 i

364 3012 593 3095 aliquid
636 3013 1015 3088 superesset,
1058 3008 1409 3087 fugientium
1442 3007 1628 3086 tergis
1669 3009 2080 3069 inhaererent:
2128 3009 2289 3087 ipse,
2345 3010 2668 3073 exhaustis
2729 3008 2884 3074 eflam

364 3108 546 3172 animi
582 3106 826 3180 viribuS‚
872 3105 933 3164 in
981 3111 1176 3165 castra
1212 3123 1279 3164 se
1329 3104 1578 3182 recepit.
1609 3104 1652 3147 ¹*
1689 3106 1968 3167 substitit.
2033 3102 2084 3145 ¹⁵
2101 3104 2494 3166 Transierant
2543 3106 2673 3169 iam
2701 3108 2885 3171 Liberi
2946 3180 2947 3185 η

364 3204 554 3284 patris
608 3201 929 3271 terminos;
1002 3218 1262 3279 quorum
1318 3207 1704 3261 monumenta
1758 3202 1990 3289 lapides
2051 3210 2222 3264 erant
2274 3203 2508 3264 crebris
2561 3204 2885 3267 intervallis
2945 3194 2947 3288 l

364 3296 643 3376 dispositi
712 3295 1083 3374 arboresque
1155 3314 1477 3372 procerae,
1573 3316 1825 3376 quarum
1893 3293 2126 3379 'stipites
2201 3300 2424 3361 hedera
2519 3308 2886 3364 contexerat.

364 3390 415 3435 ¹⁶
434 3393 561 3457 Sed
586 3389 949 3451 Macedonas
982 3390 1074 3452 ira
1097 3390 1342 3469 longius
1371 3391 1681 3471 provexit:
1726 3396 1952 3475 quippe
1980 3397 2177 3457 media
2201 3398 2328 3457 fere
2349 3404 2535 3459 nocte
2564 3401 2882 3473 redierunt,

361 3489 565 3552 multis
598 3486 941 3562 interfectis,
983 3486 1260 3566 pluribus
1302 3486 1510 3567 captis,
1557 3508 1872 3571 equosque
1915 3494 1978 3554 M
2028 3499 2088 3554 et
2131 3493 2350 3555 DCCC
2395 3495 2694 3575 abegere.
2785 3498 2882 3559 Ce-
2943 3504 2945 3606 1

362 3587 641 3649 ciderunt
662 3589 859 3644 autem
880 3582 1280 3645 Macedonum
1302 3583 1534 3665 equites
1553 3586 1688 3663 LX,
1713 3588 1946 3665 pedites
1974 3588 2024 3650 C
2047 3590 2192 3667 fere,
2217 3590 2382 3652 mille
2407 3593 2609 3653 saucii
2637 3596 2880 3656 fuerunt.

494 3736 547 3798 7,
582 3733 669 3796 36,
706 3732 756 3785 6.
834 3734 1326 3791 Turbaezverant.
1384 3738 1559 3800 'Ver-gl.
1599 3734 1647 3799 4,
1693 3735 1770 3801 14,
1809 3736 1887 3789 18.
1931 3768 1993 3781 -
2030 3740 2078 3801 7,
2119 3739 2206 3802 36,
2241 3740 2289 3792 8.
2341 3741 2697 3807 Infudere.
2757 3749 2805 3795 S.
2833 3741 2878 3801 Β,
2941 3766 2943 3775 ·

360 3806 442 3869 38,
482 3804 564 3857 31.
606 3807 714 3855 Liv.
752 3800 839 3864 27,
880 3801 957 3867 18,
998 3802 1088 3854 11:
1128 3802 1345 3854 telorum
1374 3803 1453 3853 vis
1491 3804 1664 3870 ingens
1704 3806 1942 3874 εῙῙιςεα
1977 3816 2053 3857 est
2083 3809 2142 3859 in
2176 3826 2271 3862 ωε,

496 3898 545 3961 7,
583 3896 665 3959 37,
706 3894 783 3947 10.
835 3893 1053 3961 Aptae
1069 3910 1186 3945 ere.
1238 3899 1290 3947 S.
1318 3895 1455 3959 Virg.
1479 3896 1604 3947 Aen.
1637 3895 1712 3961 10,
1735 3894 1868 3947 588:
1902 3899 2133 3964 proiecto
2171 3901 2290 3951 dum
2427 3919 2454 3950 e
2495 3900 2877 3983 laevoAptat

360 3985 425 4017 se
508 3981 732 4032 aynae.
775 3990 832 3999 —
879 3962 925 4024 7,
962 3961 1049 4023 37,
1090 3962 1170 4013 11.
1218 3962 1526 4029 Corpori.
1581 3965 1670 4016 R:
1728 3980 1959 4032 corpore.
1999 3994 2056 4004 —-
2099 3966 2150 4029 7,
2188 3967 2273 4029 37,
2317 3901 2603 4037 fidlpsi.
2667 3974 2747 4024 R:
2795 3970 2878 4037 tpsi
2939 4004 2941 4009 -

430 4036 441 4047 '
558 4074 569 4083 .
604 4060 666 4069 —-
710 4032 951 4081 ducum.
1009 4032 1183 4096 Vergl.
1218 4028 1265 4092 3,
1306 4028 1359 4090 5,
1398 4027 1480 4083 14.
1517 4059 1582 4069 -
1625 4031 1672 4094 7,
1715 4030 1803 4094 37,
1846 4032 1922 4086 13.
1991 4033 2454 4087 Vexationem.
2535 4037 2752 4089 Vocare
2785 4038 2878 4088 und
2939 4074 2941 4079 .

354 4102 563 4153 vexatio
603 4099 742 4149 wird
776 4098 953 4160 hfiufig
1002 4112 1107 4147 von
1160 4099 1267 4148 den
1300 4102 1744 4165 Austrengungen
1787 4103 1898 4153 und
1933 4104 2504 4157 Beschwerlichkeiten
2540 4108 2708 4159 >eines
2745 4109 2874 4157 Mar-

356 4171 515 4220 sches
554 4167 687 4218 oder
726 4168 873 4217 einer
911 4165 1067 4217 Reise
1108 4166 1421 4229 gebraucht.

488 4256 543 4317 7,
584 4254 665 4318 37,
706 4253 785 4307 14.
860 4254 1233 4321 Linquente
1278 4254 1498 4305 animo
1552 4258 1668 4307 hier
1715 4262 1844 4310 weit
1893 4262 2206 4313 schwa'cher
2257 4265 2334 4317 als
2367 4261 2420 4325 4,
2457 4261 2542 4327 27,
2583 4261 2674 4315 20.
2725 4262 2774 4327 6,
2806 4259 2874 4323 36,

352 4325 434 4380 33.
472 4324 521 4389 9,
566 4323 653 4385 20,
690 4324 766 4374 11.
804 4322 855 4384 9,
892 4320 975 4385 m,
1010 4320 1092 4373 28.
1172 4322 1381 4373 Ebenso
1417 4325 1768 4377 verschieden
1809 4330 1946 4379 wird
1981 4329 2198 4393 deficere
2237 4331 2552 4395 gebraucht.
2633 4334 2684 4383 S.
2735 4348 2800 4383 zu
2835 4328 2874 4381 4.

354 4396 402 4458 1,
438 4394 487 4447 2.
532 4422 589 4431 —
628 4392 911 4457 recepit.
964 4389 999 4423 *³*
1042 4388 1385 4441 substitit.
1457 4392 1644 4443 Bisher
1679 4410 1772 4443 rec
1838 4396 1849 4407 “
1877 4434 1890 4457 ,
1938 4395 2191 4463 reliquum
2229 4399 2471 4449 substitit.
2511 4448 2520 4452 ,
2559 4400 2613 4450 F.
2659 4414 2875 4451 vermu-

354 4467 532 4519 thete:
565 4478 670 4514 rec.
706 4460 877 4526 ibique
911 4457 1151 4507 substitit.
1189 4458 1495 4509 Vielleicbt:
1533 4462 1742 4528 recepit.
1841 4480 1914 4512 ee
1943 4468 2300 4516 exereitus
2334 4466 2578 4529 substitit,
2625 4484 2727 4519 zur
2746 4472 2874 4519 Ver-

350 4534 601 4595 ,mittlung
638 4531 723 4581 fur
762 4530 861 4579 das
898 4527 1152 4591 folgende‚
1226 4527 1285 4577 H.
1334 4526 1392 4577 Ε.
1427 4528 1558 4579 Foss
1587 4535 1842 4595 erganzt:
1878 4532 2134 4599 reliquum
2175 4552 2210 4585 a
2219 4552 2315 4601 qm
2331 4552 2401 4585 en
2437 4551 2561 4585 non
2603 4535 2845 4587 substitit.

478 4621 529 4683 7,
570 4618 654 4681 37,
692 4619 769 4671 15.
852 4618 1129 4668 erebi-ts
1165 4614 1592 4669 intervallis.
1659 4623 1715 4671 In
1749 4634 1812 4673 so
1852 4623 1969 4674 seru
2009 4625 2098 4675 die
2123 4627 2594 4679 Zwlschenraume
2637 4629 2719 4679 oft
2758 4629 2870 4677 hin-

348 4694 435 4739 ter
464 4690 719 4740 einander
756 4690 896 4738 Statt
934 4686 1141 4746 fenden,
1182 4699 1296 4735 war
1330 4686 1478 4736 auch
1517 4688 1608 4739 die
1642 4690 1764 4739 zahl
1799 4690 1898 4741 der
1933 4693 2258 4746 Denksteine
2297 4708 2468 4759 grass.
2513 4722 2572 4735 —
2621 4694 2676 4756 7,
2693 4691 2866 4755 37,16.

348 4756 737 4813 Redin-unt,
780 4756 854 4811 E:
894 4755 950 4805 in
988 4762 1167 4805 castra
1200 4752 1475 4804 redierunt.
