2975 5350
302 324 433 391 324
1268 330 1345 409 o.
1384 324 1880 389 emmanu

300 496 447 559 novi
476 494 667 571 succi,
708 494 789 557 ad
810 494 931 557 hoc
970 494 1199 557 itineris
1236 494 1419 557 labor
1456 500 1522 555 et
1561 492 1880 573 aegritudo
1915 492 2098 555 animi
2141 492 2536 572 vulgaverant
2567 495 2825 569 morbos,

304 602 369 657 et
410 612 529 655 nec
572 610 815 653 manere
856 592 987 653 sine
1028 592 1203 653 clade
1242 612 1357 653 nec
1400 589 1692 671 progredi
1733 595 2040 669 poterant:
2085 596 2394 651 manentes
2439 591 2661 668 tames,
2701 613 2830 672 pro-

304 706 561 765 gressos
578 688 783 749 acrior
820 687 1163 767 pestilentia
1200 687 1471 767 urgebat.
1554 682 1606 727 ¹⁴
1615 688 1784 766 Ergo
1823 684 1996 747 strati
2025 692 2198 747 erant
2237 687 2438 765 campi
2475 709 2676 767 paene
2711 690 2836 768 pln-

314 786 483 847 ribns
524 784 845 859 semivivis,
892 804 1071 864 quam
1114 784 1528 847 cadaveribus.
1613 784 1708 845 Ac
1753 803 1832 845 ne
1891 782 2088 843 levius
2141 784 2386 863 quidem
2441 787 2614 865 aegri
2671 786 2840 866 sequi

316 888 625 963 poterant:
670 882 895 962 qnippe
932 900 1149 960 agmen
1184 872 1401 960 raptim
1446 882 1754 961 agebatur,
1795 886 2024 942 tantum
2065 880 2318 959 singulis
2353 882 2434 941 ad
2468 902 2652 961 spem
2687 883 2843 943 salu·

310 980 387 1043 tis
430 978 603 1058 ipsos
646 978 949 1057 proficere
988 976 1389 1051 credentibus,
1424 985 1712 1057 quantum
1753 977 1981 1039 itineris
2021 977 2356 1037 festinando
2401 980 2842 1058 praeciperent.

314 1072 363 1117 ¹⁵
384 1076 573 1155 igitur
618 1073 721 1155 qui
758 1074 1131 1147 defecerant,
1174 1070 1357 1135 notos
1396 1072 1786 1155 ignotosque,
1823 1080 1891 1135 ut
1929 1072 2361 1149 allevarentur,
2401 1075 2696 1137 orabant:
2737 1076 2845 1137 sed

310 1192 427 1235 nec
468 1172 737 1233 iumenta
778 1176 978 1244 erant,
1034 1170 1253 1251 quibus
1292 1170 1494 1249 excipi
1537 1177 1814 1250 possent,
1874 1176 1936 1230 et
1979 1169 2150 1233 miles
2189 1171 2292 1231 vix
2333 1192 2500 1233 arma
2543 1174 2846 1251 portabat,

314 1268 797 1348 imminentisque
839 1272 900 1327 et
948 1266 1095 1345 ipsis
1132 1265 1321 1327 facies
1356 1265 1500 1327 mali
1543 1273 1682 1329 ante
1723 1266 1944 1329 oculos
1985 1274 2114 1326 erat
2223 1268 2388 1348 Ergo
2441 1269 2696 1348 saepius
2751 1290 2846 1331 re-

316 1366 537 1441 vocati,
576 1384 653 1425 ne
690 1362 995 1441 respicere
1020 1360 1261 1442 quidem
1300 1380 1450 1424 suos
1480 1364 1869 1439 sustinebant,
1907 1362 2320 1426 misericordia
2360 1365 2422 1427 in
2459 1366 2846 1427 formidinem

319 1484 511 1527 versa.
592 1456 749 1521 ¹⁶1ni
772 1458 965 1520 relicti
1004 1458 1155 1519 deos
1204 1466 1387 1521 testes
1428 1467 1494 1521 et
1533 1479 1708 1521 sacra
1749 1462 2092 1523 communia
2123 1462 2402 1542 regisque
2441 1462 2846 1543 implorabant

318 1580 499 1641 opem
516 1608 533 1637 ,
572 1574 881 1641 quumque
920 1554 1146 1615 frustra
1186 1556 1402 1617 surdas
1440 1576 1618 1617 aures
1659 1557 2004 1636 fatigarent,
2049 1558 2112 1619 in
2149 1560 2374 1621 rabiem
2420 1559 2844 1639 desperatione

318 1658 507 1735 versi,
552 1672 757 1735 parcan
796 1670 913 1713 suo
956 1650 1181 1713 exitum
1226 1651 1570 1735 similesque
1613 1653 1761 1733 ipsis
1799 1655 2032 1719 amieos
2081 1661 2145 1717 et
2177 1656 2656 1719 contubernales
2711 1678 2844 1738 pre-

316 1756 623 1817 cabanmr.

488 1851 649 1913 xm.
739 1843 965 1923 ¹⁷Rex,
1022 1846 1241 1909 dolore
1284 1846 1465 1909 simul
1508 1868 1582 1909 ac
1621 1848 1858 1928 pudore
1915 1850 2161 1925 anxius,
2221 1851 2362 1931 quia
2409 1870 2596 1913 causa
2647 1860 2844 1913 tantae

320 1949 513 2011 cladis
558 1948 691 2027 ipse
732 1950 927 2019 esset,
970 1943 1049 2004 ad
1088 1944 1608 2023 Phrataphernen,
1649 1947 2104 2007 Parthienorum
2141 1954 2450 2026 satrapen,
2511 1948 2710 2025 misit,
2749 1950 2846 2029 qui

322 2046 560 2109 iuberet
596 2042 843 2107 camelis
886 2048 1063 2103 cocta
1114 2040 1339 2103 cibaria
1373 2042 1618 2102 afferre:
1667 2042 1821 2103 alios
1875 2041 2254 2105 finitimarum
2311 2043 2634 2123 regionum
2671 2066 2847 2125 prae-

322 2144 519 2205 fectos
578 2140 874 2203 certiores
924 2137 1301 2199 necessitatis
1360 2157 1508 2199 suae
1569 2137 1730 2201 fecit.
1825 2132 1881 2177 ¹⁸
1901 2138 2038 2201 Nec
2097 2148 2395 2203 cessatum
2455 2149 2548 2203 est
2599 2142 2680 2203 ab
2741 2144 2846 2205 his.

320 2242 527 2320 ltaque
574 2240 731 2300 fame
790 2236 1097 2297 dumtaxat
1156 2234 1492 2295 vindicatus
1547 2235 1848 2297 exercitus
1903 2235 2148 2297 tandem
2197 2236 2261 2297 in
2303 2236 2640 2299 Cedrosiae
2695 2240 2845 2299 fines

324 2334 695 2417 perducitur.
749 2332 1030 2392 Omnium
1057 2348 1259 2391 rerum
1288 2330 1423 2391 sola
1466 2331 1682 2393 fertilis
1720 2330 1892 2411 regio
1933 2338 2054 2404 est;
2097 2332 2160 2393 iu
2203 2353 2322 2412 qua
2363 2334 2582 2397 stativa
2621 2335 2846 2410 babuit,

322 2438 391 2495 ut
430 2434 679 2491 vexatos
722 2427 941 2489 milites
972 2426 1177 2509 quiete
1218 2426 1499 2490 firmaret.
1577 2422 1629 2466 ¹⁹
1645 2428 1760 2489 Hic
1803 2429 2094 2490 Leonnati
2135 2428 2360 2491 litteras
2402 2432 2660 2511 accepit,
2703 2452 2848 2493 con·

318 2528 547 2591 dixisse
578 2525 779 2605 ipsum
822 2542 961 2585 cum
1002 2508 1163 2584 octo'
1188 2520 1430 2583 milibus
1468 2523 1738 2602 peditum
1783 2532 1843 2586 et
1883 2524 2168 2587 trecentis
2209 2527 2510 2607 equitibus
2535 2529 2843 2591 oritarum
2936 2560 2937 2577 ι

322 2644 623 2711 prospero
670 2626 905 2684 eventu.
968 2618 1025 2680 A
1056 2622 1309 2682 Cratero
1348 2639 1594 2701 quoque
1633 2621 1876 2684 nuntius
1916 2622 2099 2697 venit,
2141 2622 2374 2686 Ozinen
2409 2635 2470 2687 et
2493 2626 2841 2706 Zariaspen,

322 2724 557 2788 nobiles
602 2722 817 2782 Persas
836 2765 851 2792 ,
894 2717 1295 2780 defectionem
1334 2717 1650 2782 molientes
1695 2739 2029 2799 oppressos
2071 2741 2106 2780 a
2149 2740 2246 2795 se,
2291 2721 2354 2782 in
2387 2721 2647 2786 vinculis
2693 2744 2844 2786 esse.
2933 2795 2935 2800 .

320 2818 755 2901 2⁰1>raep0sit0
814 2815 994 2897 igitur
1054 2814 1287 2894 regioni
1328 2814 1598 2894 Sibyrtio
1653 2816 1937 2898 (namque
1979 2817 2236 2892 Menon,
2289 2819 2635 2897 praefectus
2696 2821 2842 2896 eiuS,
2933 2851 2935 2868 1

320 2939 516 3000 nuper
554 2913 859 2980 interierat
898 2911 1169 2987 morbo),
1231 2910 1290 2972 in
1337 2911 1711 2974 Carmaniam
1755 2911 1886 2992 ipse
1931 2914 2249 2992 processit.
2323 2909 2665 2995 ²¹Aspastes
2719 2924 2846 2978 erat

322 3023 592 3098 sati-apes
634 3010 859 3094 gentiS‚
904 3015 1225 3090 suspectus
1260 3027 1361 3070 res
1402 3027 1628 3069 novare
1664 3007 1955 3086 voluisse,
2024 3009 2166 3072 dum
2207 3009 2269 3070 in
2306 3012 2474 3074 India
2509 3032 2618 3074 rex
2663 3019 2842 3074 esset.

462 3231 513 3298 9,
546 3229 629 3296 40,
672 3229 751 3281 14.
792 3228 1306 3296 Praeciperent.
1344 3227 1427 3279 F.:
1460 3229 1834 3295 praeriperent.
1871 3232 1922 3280 S.
1963 3245 2028 3278 zu
2065 3227 2112 3290 4,
2153 3229 2197 3290 1,
2235 3229 2280 3281 3.
2321 3259 2382 3269 —
2422 3230 2475 3293 9,
2510 3228 2600 3293 40,
2643 3229 2726 3283 15.
2763 3231 2845 3282 Et

326 3303 518 3420 ifipsis.
562 3301 642 3350 R:
682 3299 835 3347 etiam
874 3296 895 3344 ἰ
930 3295 1014 3345 sis.
1096 3297 1167 3344 So
1208 3296 1353 3345 steht
1391 3301 1449 3343 et
1480 3296 1626 3362 ipse
1664 3297 1752 3346 bei
1792 3299 1846 3348 C.
1883 3295 1931 3360 3,
1969 3295 2016 3360 8,
2055 3294 2137 3348 2⁴.
2187 3296 2235 3362 4,
2275 3297 2351 3362 18,
2387 3298 2436 3350 7.
2485 3299 2535 3362 5,
2573 3297 2659 3360 22,
2695 3299 2744 3351 3.
2791 3298 2841 3360 7,

296 3407 313 3416 -
404 3362 452 3420 8.
504 3365 553 3432 9,
596 3364 678 3427 31,
712 3362 790 3414 11.
904 3376 1063 3414 erner
1102 3359 1149 3424 3,
1188 3359 1271 3423 25,
1302 3360 1360 3411 2:
1402 3363 1639 3412 redditur
1675 3370 1738 3413 et
1772 3379 1806 3413 a
1843 3363 2202 3415 Macedonibus
2239 3369 2493 3431 (clamor).
2531 3365 2586 3428 4,
2627 3366 2718 3429 31,
2748 3365 2842 3417 22:
2930 3363 2931 3411 ἱ

330 3444 406 3488 est
444 3443 511 3486 et
546 3431 740 3485 aliud
773 3429 1069 3481 Hammonis
1102 3445 1288 3480 nanus.
1341 3427 1390 3492 4,
1432 3425 1515 3492 41,
1553 3429 1646 3482 19:
1699 3432 1878 3492 (Darei
1919 3437 2070 3496 uxor)
2102 3434 2240 3483 inter
2269 3451 2449 3485 socrus
2491 3443 2542 3484 et
2589 3437 2844 3502 virgiuum

328 3505 557 3574 {iliarum
594 3517 772 3552 mamas
809 3497 1044 3566 collapsa
1072 3505 1202 3560 erut,
1236 3497 1478 3548 deinde
1519 3506 1579 3548 et
1619 3500 1952 3549 extincta.
2007 3498 2054 3564 5,
2096 3499 2174 3564 16,
2207 3501 2306 3553 30:
2344 3502 2555 3553 simut
2589 3511 2650 3552 et
2679 3503 2842 3554 Put-

332 3573 508 3625 lotas
546 3597 611 3608 —-
646 3569 899 3620 diversum
917 3566 1019 3616 iter
1038 3566 1243 3634 inyredi
1258 3567 1439 3618 iussus.
1491 3566 1540 3629 5,
1576 3564 1664 3627 27,
1704 3566 1798 3618 11:
1831 3567 2166 3620 Narba-sanes
2197 3571 2404 3620 interim
2437 3571 2660 3638 elapsus,
2701 3589 2844 3622 mox

328 3649 395 3694 et
424 3641 677 3692 Bessus
712 3641 1062 3702 consequutus.
1102 3634 1149 3696 9,
1180 3631 1263 3696 38,
1296 3632 1354 3685 2:
1390 3635 1670 3684 interim
1713 3643 1774 3684 et
1826 3634 2024 3685 urbes
2125 3636 2457 3706 {erasque
2507 3639 2842 3691 condidit,

332 3707 567 3773 10,1‚2:
604 3705 721 3756 sed
776 3712 836 3754 et
887 3710 1341 3754 accusatores
1396 3719 1479 3752 eos
1533 3720 1561 3751 e
1601 3703 1874 3769 provincia
1919 3719 2070 3768 seque
2101 3713 2270 3756 antur.
2313 3735 2368 3744 —
2421 3704 2471 3770 9,
2503 3703 2589 3770 40,
2627 3705 2712 3760 16.
2759 3707 2844 3756 Et

320 3791 551 3828 saera.
609 3776 685 3826 1²2:
726 3767 1001 3823 sacra.‘—
1040 3770 1284 3821 surdas
1321 3785 1532 3823 aures.
1573 3772 1624 3820 S.
1665 3785 1730 3820 zu
1772 3768 1836 3832 4,·
1862 3766 1944 3832 40,
1985 3770 2064 3822 17.
2515 3789 2520 3793 ·

456 3867 508 3931 9,
544 3863 627 3926 41,
666 3863 744 3915 17.
822 3861 1094 3913 Pudore.
1161 3861 1307 3912 Aucb
1344 3861 1460 3912 hier
1497 3861 1838 3926 hescbuldigt
1873 3876 1998 3912 man
2037 3865 2139 3914 den
2181 3865 2256 3914 Al.
2296 3865 2434 3916 ohne
2471 3868 2654 3917 Grund
2695 3869 2843 3918 eines
2926 3875 2927 3917 ῑ

322 3937 481 3989 eitlen
510 3935 805 3998 Ehrgeizes.
834 3959 895 3969 —
938 3929 1472 3980 Parthienen-um.
1516 3931 1565 3980 Z.
1599 3929 1702 3994 gab
1727 3928 2148 3994 Parthyenorum,
2191 3933 2240 3982 F.
2281 3931 2607 3982 Parthorum,
2633 3961 2692 3971 ...
2731 3935 2842 3984 ευ..

328 4003 533 4056 beret.
566 4001 737 4052 vien:
761 3997 1005 4052 iuberent.
1029 4025 1085 4035 —
1123 3995 1318 4046 ulios.
1336 3997 1417 4046 R:
1442 3995 1576 4046 alios
1601 4012 1810 4064 quoque.
1831 4027 1894 4037 —
1918 3995 1966 4060 9,
1988 3995 2070 4061 41,
2098 3997 2176 4050 18.
2208 3997 2593 4053 Cedrosiae.
2629 4003 2714 4053 R:
2739 4003 2842 4052 Ge·

322 4071 543 4122 «trasiae.
582 4070 727 4120 Nacb
746 4068 845 4118 der
868 4066 1282 4130 gewobnlicben‚
1318 4065 1445 4116 sehr
1478 4069 1576 4130 gut
1611 4065 1985 4131 heglaubigten
2011 4067 2302 4132 Erzablung
2327 4069 2444 4120 lrat'
2466 4071 2564 4120 das
2597 4071 2868 4134 Ungliick‚-

322 4141 554 4192 welches
592 4135 913 4201 gescbildert
966 4133 1208 4192 worden,
1264 4133 1367 4183 den
1408 4132 1548 4184 Alex.
1601 4135 1802 4198 gei-ade
1835 4136 1891 4184 in
1929 4135 2224 4186 Gedrosien
2281 4137 2377 4186 aus
2421 4138 2544 4187 dem
2601 4139 2842 4189 Marscbe
2924 4136 2925 4158 ¹

322 4209 459 4270 nach
482 4208 580 4258 der
598 4203 925 4267 Hauptstadt
954 4201 1253 4258 desselben,
1276 4201 1430 4250 Pura.
1493 4202 1620 4252 Hier
1649 4203 1910 4252 erroiehte
1931 4216 1991 4253 es
2015 4205 2132 4253 sein
2149 4203 2311 4254 Ende.
2371 4205 2493 4254 Man
2515 4207 2840 4265 vermutbeb

322 4277 449 4328 dass
478 4275 617 4324 Pura
658 4275 799 4323 etwa
838 4271 963 4322 dem
992 4269 1239 4332 beutigcn
1278 4268 1531 4330 Bunpoor
1565 4270 1900 4331 entspreche.
1933 4297 1988 4306 —
2028 4285 2091 4318 so
2111 4269 2194 4319 la.
2263 4271 2426 4322 Alicin
2465 4273 2522 4322 in
2563 4274 2662 4324 der
2701 4288 2840 4337 gan—

322 4359 417 4397 zen
445 4340 783 4406 Umgebung;
822 4351 881 4390 cs
919 4351 1033 4388 war
1076 4337 1196 4387 eine
1216 4337 1353 4386 Oase
1394 4336 1443 4384 in
1475 4336 1573 4386 der
1592 4337 1796 4387 Wtiste.
1850 4339 2124 4388 vielleicbt
2165 4341 2234 4388 ist
2267 4336 2412 4388 illa
2443 4354 2510 4390 zu
2537 4342 2838 4393 schreiben.

450 4430 503 4493 9,
544 4427 633 4492 41,
676 4427 751 4480 19.
826 4427 1137 4496 Accepit.
1187 4430 1266 4480 F.:
1312 4427 1517 4496 accipit.
1554 4453 1616 4462 ——-
1673 4429 2024 4478 trecentis.
2085 4429 2166 4480 R:
2201 4430 2503 4496 quingentis.
2547 4459 2606 4470 -
2675 4431 2836 4482 Ori-

316 4509 545 4552 tarum
578 4501 653 4550 ist
692 4497 828 4548 auch
864 4497 979 4547 hier
1018 4511 1084 4546 zu
1121 4497 1396 4557 sci-cibem
1438 4511 1482 4547 s.
1519 4509 1582 4544 zu
1617 4491 1668 4552 9,
1702 4493 1786 4556 39,
1819 4493 1867 4546 6.
1907 4525 1971 4534 --
2011 4495 2321 4548 Cratero.
2372 4499 2472 4549 Die
2507 4499 2840 4565 Erwahnung

312 4571 521 4620 kommt
556 4565 969 4624 oberraschend,
1028 4565 1099 4614 da
1136 4567 1191 4615 C.
1233 4565 1415 4616 bisber
1453 4564 1590 4614 iiber
1623 4563 1729 4614 den
1759 4566 1870 4628 Zug
1915 4566 2014 4616 des
2055 4567 2314 4617 Craterus
2361 4579 2498 4629 ganz
2529 4569 2838 4631 geschwie—

312 4651 429 4702 gen.
486 4639 539 4688 S.
572 4649 639 4685 zu
674 4631 723 4694 9,
757 4631 839 4692 39,
882 4629 929 4682 4.
966 4659 1019 4668 -
1064 4631 1111 4694 9,
1153 4629 1235 4695 41,
1275 4629 1359 4681 20.
1430 4630 1487 4680 M
1502 4645 1614 4681 eno
1630 4646 1677 4680 n.
1734 4632 1969 4683 Andere:
2020 4631 2270 4683 Memnon.
2345 4635 2632 4700 Unstreitig
2680 4638 2834 4688 iden-

314 4702 449 4754 tiscb
501 4704 603 4754 mit
641 4703 765 4752 dem
810 4699 857 4761 7,
917 4697 997 4760 11,
1046 4697 1081 4750 5
1126 4703 1427 4764 genennten
1467 4698 1845 4750 Besehlsbabcr
1895 4701 1950 4750 iu
1989 4701 2330 4753 Arachosien.
2389 4729 2454 4738 --
2521 4699 2574 4763 9,
2623 4699 2715 4765 41,
2760 4702 2835 4755 21.

313 4765 1116 4836 Suspectus—voluisse.
1166 4771 1215 4817 S.
1264 4765 1347 4827 10,
1387 4765 1441 4827 5,
1478 4765 1578 4817 39:
1625 4782 1835 4830 reymest
1869 4768 2252 4831 affectasse
2288 4777 2665 4836 suspectus.
