2975 5350
322 334 453 401 31⁰
1258 332 1341 415 Q.
1387 332 1673 395 cuam
1719 330 1914 395 mm

330 502 559 584 gloriae
600 520 745 565 auae
784 522 911 565 uon
950 500 1285 582 refragatus
1302 550 1317 579 ‚
1368 501 1594 565 afuisse
1635 500 1884 563 missum
1921 500 1984 561 iu
2025 496 2469 580 expeditionem
2523 498 2870 560 memmiae

328 599 589 661 tradidit.
668 601 859 660 Tanta
902 598 1393 677 componentium
1434 604 1674 661 vetusta
1719 618 1922 659 rerum
1964 602 2350 659 monumenta
2399 594 2504 655 vel
2561 597 2874 658 securitas

330 696 447 775 vel,
484 714 599 775 par
636 696 775 759 hnic
814 694 1045 771 vitium,
1086 694 1411 757 credulitas
1450 694 1587 757 fuit!

498 793 705 855 xxn.
782 786 839 833 ²²
852 793 1021 871 Rege
1054 791 1117 852 in
1158 791 1609 853 tabernaculum
1650 791 1862 867 relate,
1903 789 2122 853 medici
2161 788 2389 869 lignum
2423 788 2684 867 sagittae
2727 808 2876 851 cor-

334 888 475 969 pori
514 889 759 951 infixum
780 937 795 965 ,
832 889 917 951 ita
954 908 1033 951 ne
1072 886 1373 967 spiculum
1416 894 1793 966 moveretur,
1839 888 2172 950 abscidunt.
2251 882 2600 967 &Corpore
2641 886 2878 948 deinde

334 987 561 1048 nudato
582 986 1059 1047 animadvertunt
1085 986 1294 1047 hamos
1336 988 1536 1046 inesse
1575 986 1720 1063 telo,
1767 1006 1882 1047 nec
1923 984 2100 1045 aliter
2133 983 2200 1044 id
2240 986 2370 1047 sine
2409 982 2686 1065 pernicie
2727 1004 2864 1045 con·

336 1082 509 1163 poris
546 1082 773 1145 extrahi
815 1102 999 1161 posse
1016 1128 1037 1157 ,
1104 1100 1279 1162 quam
1318 1088 1387 1143 ut
1430 1084 1694 1145 secando
1731 1081 1954 1142 vulnus
1995 1089 2302 1159 augerent.
2375 1076 2434 1121 ²⁴
2449 1080 2744 1142 Ceterum
2789 1101 2879 1143 ne

338 1185 613 1243 secantes
660 1180 1025 1260 profluvium
1070 1178 1377 1258 sanguinis
1425 1184 1772 1259 occuparet,
1819 1173 2209 1252 verebantur3
2253 1178 2481 1260 quippe
2519 1178 2740 1256 ingens
2785 1184 2879 1239 te-

336 1274 461 1339 lum
496 1276 777 1339 adactum
800 1282 928 1339 erat
970 1282 1029 1337 et
1048 1285 1397 1356 penetrasse
1442 1276 1506 1337 iu
1546 1276 1778 1337 viscera
1817 1274 2156 1338 videbatur.
2225 1270 2668 1349 *critobulus
2709 1274 2878 1335 inter

336 1372 610 1435 medicos
664 1374 811 1435 artis
854 1373 1103 1435 eximiae
1158 1373 1269 1433 sed
1310 1372 1370 1434 in
1416 1378 1584 1434 tanto
1623 1371 1900 1452 periculo
1941 1371 2186 1434 territus
2205 1420 2220 1448 ,
2277 1389 2492 1431 manus
2533 1370 2874 1433 admovere

336 1470 655 1545 metuebat,
694 1488 771 1530 ne
814 1468 877 1529 in
902 1468 1097 1548 ipsius
1136 1475 1317 1548 caput
1357 1488 1573 1548 parum
1607 1486 1940 1549 prosperae
1979 1469 2308 1531 curationis
2343 1468 2648 1529 recideret
2689 1488 2874 1529 even—

338 1570 453 1627 tus.
534 1560 1043 1627 26Lacrimantem
1086 1582 1224 1626 eum
1280 1584 1355 1626 ac
1408 1573 1774 1627 metuentem
1829 1571 1891 1628 et
1949 1564 2358 1627 sollicitudine
2413 1566 2874 1645 propemodum

336 1678 701 1741 exsanguem
744 1680 852 1723 rex
890 1665 1306 1740 conspexerat.
1390 1662 1581 1738 Quid,
1633 1661 1858 1743 iuquit,
1901 1662 2134 1742 quodve
2171 1670 2408 1741 tempus
2453 1668 2776 1740 aspectas,
2813 1670 2878 1722 et

336 1774 467 1819 non
502 1760 961 1838 quamprimum
996 1758 1111 1819 hoc
1146 1758 1353 1847 dolor-e
1390 1778 1487 1818 me
1527 1760 1744 1819 saltem
1783 1760 2162 1819 moriturum
2205 1757 2470 1819 liba-as?
2517 1758 2626 1819 An
2675 1762 2872 1833 times,

336 1872 419 1915 ne
455 1874 599 1916 reus
632 1858 752 1931 sis,
794 1874 989 1935 quum
1026 1854 1373 1917 insanabile
1411 1856 1644 1917 vulnus
1683 1858 2066 1934 acceperim?
2127 1850 2280 1915 ”At
2315 1853 2676 1917 Critobulus
2746 1862 2876 1917 tau-

340 1948 475 2011 dem
530 1951 631 2013 vel
688 1952 856 2015 finito
910 1950 1009 2011 vel
1052 1950 1424 2014 dissimulato
1476 1958 1640 2013 metu
1681 1951 1909 2012 hortari
1955 1972 2094 2014 eum
2145 1950 2378 2030 coepit,
2433 1956 2504 2012 ut
2549 1970 2620 2012 se
2675 1952 2874 2014 conti-

338 2048 601 2110 nendum
622 2048 957 2129 praeberet,
997 2048 1141 2109 dum
1164 2049 1463 2128 spiculum
1500 2047 1816 2111 evelleret:
1855 2049 2035 2112 etiam
2077 2048 2271 2111 levem
2311 2048 2590 2127 corporis
2635 2056 2876 2110 motum

338 2143 588 2206 noxium
631 2146 782 2208 sore.
852 2141 1059 2207 28Rex
1096 2164 1280 2227 quum
1322 2148 1709 2221 affirmasset,
1770 2144 1920 2206 nihil
1957 2165 2120 2225 opus
2157 2164 2292 2206 esse
2331 2144 2454 2221 his,
2513 2144 2620 2224 qui
2680 2154 2874 2208 semet

342 2239 751 2319 continerent,
806 2243 965 2304 sicut
998 2249 1391 2323 praeceptum
1438 2248 1596 2319 erat,
1641 2242 1772 2303 sine
1811 2247 1979 2303 motu
2024 2242 2300 2321 praebuit
2347 2258 2596 2321 corpus.
2683 2244 2873 2321 Igitur

340 2339 643 2415 patefacto
685 2338 863 2401 latius
906 2339 1159 2401 vulnere
1206 2345 1267 2399 et
1304 2338 1545 2417 spiculo
1589 2338 1802 2400 evolso
1847 2340 2058 2419 ingens
2101 2337 2196 2399 vis
2250 2336 2558 2417 sanguinis
2623 2359 2870 2401 manare

342 2434 549 2511 coepit
580 2435 887 2518 linquique
929 2434 1129 2495 animo
1169 2453 1277 2495 rex
1322 2440 1381 2495 et
1420 2433 1675 2514 caligine
1719 2434 1920 2497 oculis
1983 2436 2176 2497 offusa
2227 2434 2414 2495 veluti
2461 2435 2868 2499 moribundus

340 2531 601 2595 extendi.
658 2527 717 2573 2⁹
732 2536 1056 2613 Quumque
1081 2530 1447 2609 profluvium
1478 2531 1929 2594 medicamentis
1971 2536 2196 2595 flustra
2235 2530 2594 2607 inhiberent,
2639 2532 2868 2595 clamor
2936 2582 2937 2613 3

342 2625 519 2690 simul
574 2636 753 2712 atque
812 2628 1087 2710 ploratus
1133 2628 1465 2690 amicorum
1529 2627 1752 2706 oritur,
1823 2648 2024 2710 regem
2089 2629 2396 2710 expirasse
2469 2630 2866 2694 credentium.
2936 2614 2937 2639 ἢ

342 2723 609 2788 Tandem
654 2727 923 2790 constitit
968 2727 1238 2810 sanguiS,
1286 2725 1692 2807 paulatimque
1729 2727 1990 2788 animum
2030 2726 2262 2806 recepit
2311 2733 2374 2786 et
2409 2725 2867 2790 circumstantes

342 2821 548 2900 coepit
586 2843 939 2904 agnoscere.
1000 2819 1241 2884 ³⁰Toto
1280 2841 1355 2883 eo
1396 2821 1496 2883 die
1547 2841 1620 2884 ac
1669 2831 1884 2900 nocte,
1941 2841 2094 2904 quae
2150 2827 2360 2884 secuta
2417 2828 2548 2897 est,
2603 2833 2866 2888 armatus

342 2919 905 3000 exercitusregiam
950 2919 1221 2994 obsedit,
1279 2919 1594 2982 confessus
1649 2939 1862 2983 omnes
1920 2920 2100 2982 unius
2151 2920 2368 3000 spiritu
2425 2922 2656 2982 vivere.
2739 2923 2866 2984 Nee
2934 2919 2935 2934 ¹

340 3012 513 3090 prius
548 3026 956 3093 recesserunt,
1010 3035 1191 3097 quam
1237 3025 1614 3094 compertum
1659 3024 1787 3093 est,
1845 3036 2060 3078 somno
2109 3016 2418 3096 paulisper
2458 3017 2866 3100 acquiescere.

338 3107 497 3170 Hine
538 3114 859 3175 certiorem
904 3132 1074 3192 spem
1113 3111 1322 3173 salutis
1366 3113 1495 3175 eius
1537 3114 1602 3174 in
1641 3121 1842 3175 castra
1881 3112 2264 3178 rettulerunt.

505 3207 736 3270 xxm.
822 3205 919 3253 *¹⁹¹
935 3211 1067 3269 Rex
1110 3213 1337 3286 septem
1402 3207 1618 3269 diebus
1674 3216 1884 3270 curato
1939 3208 2221 3286 vulnere,
2279 3209 2541 3270 necdum
2603 3211 2867 3274 obducta
2932 3261 2933 3272 ,

342 3299 639 3376 cicatrice,
682 3323 863 3383 quum
909 3303 1207 3377 audisset,
1246 3303 1625 3364 convaluisse
1669 3305 1832 3383 apud
1866 3305 2160 3367 barbaros
2196 3307 2414 3380 famam
2448 3307 2672 3370 mortis
2713 3329 2864 3376 suae,

342 3395 585 3459 dnobus
620 3400 872 3479 navigiis
913 3398 1134 3462 iunctis
1150 3445 1167 3474 ,
1204 3400 1387 3460 statui
1428 3400 1492 3460 in
1531 3400 1792 3462 medium
1835 3401 2103 3482 undique
2149 3403 2552 3481 conspicuum
2589 3405 2865 3466 taberna-

342 3492 547 3556 culum
592 3495 795 3574 iussit,
852 3517 928 3558 ex
970 3515 1095 3577 quo
1141 3515 1211 3557 se
1252 3497 1600 3558 ostenderet
1637 3497 1870 3578 perisse
1909 3499 2324 3575 credentibus,
2378 3508 2863 3582 conspectusque
2929 3535 2931 3580 2

340 3588 417 3650 ab
460 3590 681 3661 incolis
734 3612 906 3674 spem
963 3592 1227 3654 hostium
1272 3594 1429 3656 falso
1484 3594 1696 3657 nuntio
1755 3601 2113 3674 conceptam
2175 3595 2448 3657 inhibuit.
2535 3590 2862 3660 ²Secnndo

476 3873 531 3939 9,
559 3875 647 3940 22,
680 3875 766 3936 22.
836 3878 1178 3944 sasinus.
1222 3877 1300 3928 F.:
1344 3876 1538 3932 haeae.
1572 3906 1628 3915 —
1685 3879 1794 3930 ita
1825 3893 1912 3928 ue.
1963 3881 2040 3929 So
2075 3880 2180 3930 wie
2219 3879 2324 3934 Liv.
2359 3876 2442 3939 22,
2474 3875 2564 3940 61,
2595 3877 2668 3932 5:
2723 3896 2862 3946 quum
2928 3853 2929 3904 }

342 3940 625 3994 dubitatum
671 3947 729 3996 in
759 3954 943 3996 senatu
978 3952 1119 4004 esset,
1166 3943 1562 3994 admitterentur
1610 3946 1667 3994 in
1705 3945 1880 3996 urbem
1924 3963 2019 3996 nee
2057 3962 2134 4010 ne,
2192 3947 2295 3996 ita
2329 3945 2574 3996 admissos
2626 3964 2752 4010 esse,
2797 3965 2862 3996 ae

344 4016 564 4062 tamen
612 4013 704 4062 iis
746 4021 1022 4063 senatus
1081 4011 1375 4063 daretur.
1445 4017 1555 4064 Der
1591 4015 1855 4075 Gedanke‚
1909 4015 1996 4065 die
2038 4013 2344 4074 Rucksicht,
2397 4015 2482 4064 die
2517 4016 2858 4080 Besorguiss:

341 4093 405 4159 '2‘
441 4079 693 4158 spicatum
728 4087 1032 4142 manetur,
1065 4080 1413 4132 beherrschte
1450 4083 1538 4132 die
1561 4084 1752 4133 Aerzte
1783 4082 1876 4132 bei
1910 4083 2008 4132 der
2031 4084 2337 4145 Operaticn.
2377 4107 2434 4118 —-
2479 4081 2596 4132 abs
2617 4083 2858 4133 eicient.

341 4145 421 4196 lu:
460 4145 776 4199 abscundnmt.
846 4151 894 4198 S.
937 4163 1005 4198 zu
1044 4146 1092 4210 3,
1128 4145 1212 4210 29,
1251 4145 1333 4197 25.

477 4236 527 4301 9,
566 4237 651 4304 22,
683 4238 768 4291 24.
836 4239 1249 4305 Occuparet,
1286 4235 1728 4290 verebantur.
1801 4239 1908 4290 Der
1947 4241 2115 4290 etwas
2149 4239 2381 4294 sebrofl‘e
2422 4239 2738 4304 Uebergaug
2771 4241 2856 4292 des

342 4305 635 4371 Rhythmus
688 4308 982 4370 entspricht
1036 4307 1134 4359 der
1168 4305 1519 4357 Gewohnheit
1571 4307 1667 4361 des
1707 4307 2130 4358 Schriststellers.
2199 4309 2250 4356 S.
2289 4322 2331 4357 z.
2369 4308 2428 4359 B.
2461 4305 2515 4367 5,
2553 4305 2634 4368 15,
2675 4306 2760 4358 24.
2813 4305 2856 4366 5,

343 4371 423 4436 15,
458 4371 542 4424 26.
578 4373 625 4438 7,
666 4373 749 4438 21,
787 4372 864 4424 14.
896 4373 947 4436 5,
984 4371 1068 4434 27,
1107 4371 1184 4423 12.
1220 4369 1268 4436 8,
1299 4370 1383 4434 40,
1422 4369 1501 4422 16.
1538 4372 1590 4433 5,
1621 4372 1700 4436 13,
1727 4372 1776 4424 2.
1817 4371 1866 4436 4,
1893 4371 1976 4435 22,
2008 4371 2085 4424 12.
2127 4369 2292 4434 4,14,
2324 4371 2401 4425 13.
2443 4401 2500 4411 -
2569 4371 2620 4438 9,
2661 4373 2743 4437 22,
2783 4373 2856 4424 25.

343 4439 789 4498 Critobulus.
836 4441 962 4492 min.
1003 4439 1059 4491 N.
1100 4443 1159 4491 H.
1190 4439 1249 4506 ,7³
1289 4439 1373 4506 37,
1414 4439 1514 4492 37:
1563 4457 1753 4506 magna
1793 4449 1844 4490 et
1896 4439 2258 4492 Critobulo
2307 4442 2454 4506 fama
2491 4449 2580 4505 est,
2625 4450 2860 4492 extracta

342 4507 661 4578 Philippi
708 4508 843 4575 φορὴ
888 4507 1035 4559 oculo
1076 4507 1271 4574 sagitta
1314 4515 1365 4558 et
1399 4509 1538 4560 citra
1575 4507 1949 4574 deformitatem
1997 4508 2102 4559 eris
2151 4516 2338 4558 curata
2376 4508 2598 4559 orbitate
2647 4509 2858 4559 lumbis.

342 4577 477 4627 Dan-f
507 4593 631 4629 man
666 4579 827 4628 beide
867 4577 1002 4627 Faue
1034 4577 1332 4628 verbinden
1372 4577 1485 4627 und
1523 4578 1617 4628 aus
1655 4581 1772 4629 eine
1807 4579 2007 4628 Person
2041 4577 2297 4628 beziehen
2331 4578 2444 4638 (die
2476 4579 2589 4627 Zeit
2623 4580 2695 4629 ist
2731 4579 2859 4628 eben

341 4643 463 4693 kcin
499 4646 828 4706 HindernisS,
878 4646 1019 4695 deun
1058 4645 1258 4709 Philipp
1308 4647 1487 4695 verior
1528 4648 1643 4696 sein
1679 4648 1823 4710 Auge
1853 4659 1953 4694 vor
1989 4647 2236 4697 Methone
2274 4641 2377 4696 353
2416 4659 2468 4694 v.
2509 4645 2633 4694 Chr.
2677 4649 2774 4708 G.),
2808 4659 2860 4695 so

267 4719 271 4729 ¹
340 4721 457 4756 war
489 4713 570 4760 Cr.
606 4714 747 4760 wohl
782 4712 1080 4762 besonders
1122 4714 1455 4776 geschickter
1488 4715 1730 4778 Chirurg.
1757 4741 1822 4750 -—
1860 4711 1909 4776 9,
1945 4709 2031 4774 22,
2069 4710 2154 4762 w.
2201 4711 2249 4762 U
2259 4713 2410 4763 nius
2452 4712 2720 4779 spiritu
2755 4712 2858 4762 ei-

338 4787 370 4820 e
392 4787 514 4824 ere.
560 4779 608 4826 S.
651 4775 703 4838 3,
740 4775 819 4837 15,
858 4777 949 4828 1οε
990 4795 1185 4845 semper
1218 4779 1417 4846 quidem
1457 4779 1670 4846 spiritus
1707 4795 1843 4830 meus
1885 4797 1950 4829 ex
1986 4785 2036 4828 te
2065 4779 2318 4846 pependit.
