2975 5350
341 335 478 397 vu.
520 332 798 397 xxxn.
847 332 1144 399 31-39,
1181 330 1489 397 xxxin.
1540 334 1762 396 1--12.
1804 288 2105 398 xxxlv'.
2155 330 2415 397 12—16.
2510 330 2635 395 241

75 508 246 583 lites,
301 512 432 569 tu-
487 506 750 585 primum
794 510 938 584 post
995 505 1212 567 vulnus
1260 504 1537 584 proxime
1595 508 1929 583 acceptum.
2018 496 2048 541 ⁴
2062 502 2255 563 Tanta
2312 507 2442 562 erat
2474 500 2639 580 apud

79 624 196 667 eos
241 603 562 665 veneratio
585 601 766 681 regia,
807 607 877 663 ut
895 601 1072 662 facile
1111 600 1384 680 periculi,
1421 600 1591 682 quod
1628 600 1973 677 horrebant,
2012 598 2435 679 cogitationem
2464 608 2631 678 prae-

77 700 286 763 sentia
329 698 463 760 eius
509 706 838 760 excuteret.
919 693 1132 759 ⁵Laeti
1173 716 1320 776 crgo
1379 704 1442 758 et
1485 697 1867 759 manantibus
1910 697 2133 776 gaudio
2184 694 2445 757 lacrimis
2492 714 2637 757 con-

79 799 362 860 salutant
418 814 574 871 eum,
643 801 706 855 et
765 793 932 875 quod
989 800 1128 856 ante
1179 798 1609 855 recusaverant
1674 793 1917 870 bellum,
1980 794 2219 856 feroces
2280 792 2636 871 deposcunt.

79 890 230 956 ‘illle
279 914 354 955 se
396 891 624 953 ratibus
667 892 926 973 equitem
973 888 1446 976 phalangemque
1487 896 2034 967 transportaturum
2090 908 2225 951 csse
2262 889 2637 968 pronuntiat3

84 1010 288 1071 super
325 996 494 1053 utres
533 989 702 1049 iubet
739 1006 884 1049 nare
923 986 1116 1048 levius
1159 992 1438 1047 armatos
1532 982 1558 1025 ⁷
1576 985 1755 1047 Plura
1798 1006 1911 1047 nec
1956 988 2075 1049 dici
2118 1006 2215 1048 res
2278 984 2639 1047 desideravit

84 1108 200 1149 nec
245 1106 369 1148 rex
415 1085 620 1146 dicere
661 1104 774 1163 per
823 1081 1228 1143 valetudinem
1266 1080 1482 1161 potuit.
1574 1076 1605 1121 8
1622 1084 1905 1145 Ceterum
1966 1092 2130 1146 tanta
2184 1082 2487 1145 alacritate
2532 1084 2639 1144 mi-

85 1186 266 1247 litum
315 1190 474 1245 rates
517 1182 754 1243 iunctae
791 1186 948 1255 sunt,
991 1182 1060 1239 ut
1099 1178 1160 1237 in
1203 1178 1466 1239 triduum
1510 1179 1587 1240 ad
1622 1179 1745 1240 XII
1782 1180 1943 1240 milia
1984 1180 2229 1242 effectae
2270 1180 2405 1241 sint.
2490 1180 2639 1241 Iam-

87 1302 206 1363 que
264 1281 350 1341 ad
405 1278 834 1340 transeundum
885 1274 1088 1337 omnia
1145 1280 1515 1353 aptaverant,
1578 1296 1761 1356 quum
1824 1274 2005 1355 legati
2068 1277 2431 1355 Scytharum
2481 1278 2638 1356 XX,

85 1396 268 1440 more
316 1376 512 1457 gentis
548 1394 662 1453 per
707 1383 904 1435 castra
947 1372 1118 1451 equis
1161 1370 1336 1445 vecti,
1385 1369 1661 1433 nunt-iare
1697 1372 1905 1434 iubent
1942 1374 2087 1453 regi,
2142 1372 2298 1433 velle
2340 1372 2511 1453 ipsos
2562 1376 2641 1437 ad

91 1495 233 1537 eum
283 1472 568 1535 mandata
624 1472 912 1551 perferre.
1001 1463 1308 1529 9Admissi
1364 1468 1426 1529 in
1481 1468 1937 1531 tabernaculum
1992 1469 2261 1550 iussique
2320 1471 2641 1534 considere

91 1575 153 1633 in
186 1570 381 1633 vultu
429 1568 592 1647 regis
633 1567 968 1627 defixerant
1015 1562 1262 1636 oculos;
1318 1564 1505 1625 credo
1548 1564 1683 1645 quis
1726 1566 2131 1645 magnitudine
2186 1568 2467 1647 corporis
2518 1570 2644 1631 ani-

90 1688 260 1729 mum
308 1662 760 1727 aestimantibus
802 1660 1082 1722 modicus
1119 1659 1356 1726 habitus
1398 1658 1858 1741 haudquaquam
1902 1663 2095 1724 famae
2146 1682 2259 1742 par
2310 1664 2643 1729 videbatur.

94 1762 146 1805 ¹⁰
169 1763 430 1843 Scythis
471 1766 670 1823 autem
693 1778 836 1834 nou,
875 1765 944 1819 ut
986 1756 1204 1818 ceteris
1241 1756 1529 1831 barbaris,
1578 1757 1747 1818 rudis
1788 1768 1851 1817 et
1890 1757 2235 1819 inconditus
2266 1778 2483 1821 sensus
2524 1769 2643 1824 est:

95 1860 352 1942 quidam
397 1876 610 1918 eorum
671 1854 1024 1935 sapientiam
1069 1872 1288 1931 capere
1341 1853 1643 1928 dicuntur,
1700 1859 2225 1934 quantamcunque
2278 1874 2425 1935 gens
2484 1858 2647 1937 capit

97 1975 350 2036 semper
387 1958 626 2015 armata.
698 1946 742 1989 ¹¹
753 1953 857 2029 Ea,
915 1970 1066 2033 quae
1107 1950 1396 2029 loquutos
1437 1968 1571 2010 esse
1622 1949 1783 2028 apud
1824 1969 2027 2029 regem
2070 1950 2397 2013 memoriae
2438 1953 2645 2032 prodi-

98 2061 228 2113 tum
275 2054 395 2126 est,
457 2049 784 2112 abhorrent
825 2047 1076 2110 forsitan
1119 2046 1390 2108 moribus
1433 2046 1659 2107 nostris
1720 2051 1781 2107 et
1820 2051 2098 2124 tempora
2138 2056 2199 2109 et
2240 2046 2479 2127 ingenia
2520 2050 2647 2111 cul-

98 2149 262 2210 tiora
305 2144 570 2217 sortiti33
611 2146 720 2207 sed
759 2153 828 2207 ut
868 2145 1062 2225 possit
1093 2141 1292 2205 oratio
1337 2161 1547 2203 eorum
1584 2143 1806 2223 sperni,
1850 2150 2047 2204 tamen
2086 2144 2237 2205 fides
2276 2140 2485 2205 nostra
2518 2164 2645 2207 non

99 2245 316 2305 debet:
361 2260 516 2324 quae
553 2248 862 2323 utcunque
891 2248 1032 2303 sunt
1067 2240 1301 2315 tradita,
1343 2230 1697 2319 incorrupta
1723 2241 2113 2321 perferemus.
2182 2235 2235 2279 ¹²
2246 2240 2435 2321 Igitur
2454 2260 2642 2305 unum

100 2361 174 2403 ex
217 2342 318 2402 his
367 2336 690 2399 maximum
729 2344 872 2399 natu
915 2336 1234 2418 loquutum
1277 2336 1652 2415 accepimus:
2574 2370 2585 2377 ·

273 2434 586 2497 XXXIV.
665 2434 743 2495 Si
783 2433 879 2493 dii
907 2432 1188 2493 habitum
1231 2435 1503 2512 corporis
1547 2436 1648 2493 tui
1686 2435 1985 2497 aviditati
2020 2436 2229 2497 animi
2250 2454 2476 2517 parem
2526 2457 2667 2499 essa

99 2535 460 2607 volmksent,
499 2528 660 2590 orbis
699 2538 758 2590 te
797 2548 928 2590 non
965 2538 1240 2609 caperet5
1281 2531 1486 2590 altera
1528 2550 1727 2591 manu
1765 2535 2077 2609 orientem,
2124 2534 2327 2594 altera
2371 2534 2646 2595 occiden-

103 2639 229 2692 tem
253 2629 656 2706 contingeres,
701 2634 768 2687 et
782 2626 896 2688 hoe
935 2634 1293 2706 assequutus
1329 2628 1484 2687 scire
1516 2629 1711 2703 velles,
1755 2627 1869 2688 ubi
1903 2632 2075 2690 tanti
2108 2632 2390 2690 numinis
2403 2628 2647 2710 fulgor

102 2727 496 2789 conderetur.
569 2717 624 2762 ¹3
635 2723 744 2784 Sic
765 2743 1000 2803 quoque
1035 2724 1427 2802 concupiscis,
1465 2743 1622 2801 quae
1662 2745 1792 2785 non
1832 2728 2017 2803 capis.
2081 2725 2173 2787 Ab
2194 2729 2451 2804 Europa
2480 2730 2643 2805 petis

104 2824 328 2884 Asiam
343 2844 366 2879 .·
403 2839 482 2879 ea·
521 2821 674 2881 Asia
716 2822 946 2882 transis
988 2823 1060 2880 in
1097 2823 1414 2898 Europam
1426 2845 1446 2888 ;
1499 2819 1715 2882 deinde
1757 2821 1815 2879 si
1844 2820 2190 2881 humanum
2225 2841 2425 2900 genus
2469 2840 2648 2882 omne

105 2917 514 2998 superaveris,
557 2937 698 2977 cum
722 2919 890 2977 sz‘lvils
912 2923 973 2976 et
1009 2913 1254 2976 nivibus
1297 2923 1364 2976 et
1387 2915 1769 2998 fluminibus
1786 2917 2079 2996 ferisque
2120 2916 2319 2979 bestiis
2356 2926 2647 2996 gesturus

107 3037 168 3078 es
189 3015 440 3076 bellum.
525 3007 576 3051 ¹¹²
593 3011 766 3092 Qm‘d
774 3017 810 3074 ,Ρ
845 3021 918 3073 tu
957 3015 1214 3091 ignoras
1260 3009 1505 3072 arbores
1542 3031 1809 3091 magnas
1844 3013 1957 3074 diu
1998 3033 2273 3092 crescere,
2316 3035 2451 3075 una
2483 3014 2647 3076 ‘hora

106 3111 431 3190 extirpari
436 3113 498 3174 ?‘
533 3111 780 3170 Stultus
831 3117 948 3185 est,
1017 3110 1130 3187 qui
1148 3108 1422 3188 fructus
1465 3127 1685 3168 earum
1742 3117 1973 3189 spectat
1989 3158 2009 3184 ‚
2070 3111 2465 3172 altitudinem
2517 3131 2647 3172 non

108 3208 388 3272 metitur.
484 3205 643 3281 Vide,
684 3227 763 3266 ne
789 3205 948 3266 dum
993 3204 1084 3265 ad
1117 3225 1412 3268 cacumen
1437 3207 1763 3288 pervenire
1804 3207 2134 3282 contendis,
2178 3225 2319 3268 cum
2354 3209 2503 3292 ipsis
2536 3229 2641 3269 ra·
2752 3207 2763 3216 '

109 3305 232 3364 mis
245 3351 262 3378 ‚
319 3321 468 3380 quos
506 3301 1052 3380 comprehenderis,
1097 3300 1356 3367 decidas.
1437 3294 1486 3337 ¹⁵
1500 3301 1630 3366 Leo
1686 3323 1920 3384 quoque
1970 3304 2309 3385 aliquando
2360 3307 2647 3366 minima-

109 3419 260 3459 rum
305 3399 520 3458 atrium
563 3397 871 3477 pabulum
895 3397 1082 3477 fuit;
1125 3404 1188 3456 et
1203 3397 1472 3482 ferrum
1506 3397 1729 3479 rubigo
1770 3402 2090 3462 consumit.
2154 3401 2337 3462 ,Nihil
2372 3409 2501 3462 tam
2524 3403 2652 3482 fir-

111 3515 290 3556 mum
327 3502 430 3570 est,
471 3497 580 3555 cui
605 3495 961 3573 periculum
983 3513 1111 3554 non
1148 3495 1234 3554 sit
1257 3496 1446 3553 etiam
1487 3491 1563 3553 ab
1593 3497 1889 3562 invalide.
1966 3490 2017 3534 ¹⁰
2036 3496 2205 3565 Quid
2244 3495 2415 3557 nobis
2452 3505 2649 3558 tecum

110 3595 246 3653 est?
329 3590 672 3670 Nunquam
715 3597 950 3672 terram
990 3598 1165 3654 tuam
1208 3592 1548 3668 attigimus.
1634 3591 1761 3662 Qui
1794 3593 1905 3666 sis,
1942 3579 2110 3652 unde
2146 3593 2357 3653 venias
2372 3641 2389 3670 ‚
2433 3593 2654 3656 licetne

113 3690 420 3766 ignorare
475 3689 547 3746 in
604 3689 796 3748 vastis
851 3687 1020 3747 silvis
1079 3683 1418 3746 viventibus
1431 3688 1465 3749 ,Ρ
1538 3687 1663 3747 Nec
1716 3689 1941 3766 servu-e
1995 3688 2123 3747 ulli
2157 3706 2485 3766 possumus
2540 3710 2655 3750 nec

255 3881 314 3943 7,
351 3879 436 3943 33,
471 3877 520 3933 4.
589 3881 994 3936 Eme-uteret.
1069 3886 1118 3938 S.
1163 3898 1230 3938 zu
1263 3881 1314 3946 5,
1350 3880 1432 3948 37,
1469 3879 1556 3936 22.
1611 3910 1668 3919 -
1734 3882 1784 3945 7,
1823 3880 1905 3946 33,
1943 3881 1990 3934 5.
2044 3881 2329 3935 Gaudio.
2390 3883 2475 3934 a:
2526 3899 2657 3949 prae

112 3949 326 4015 gaudio.
389 3949 526 3998 Prae
557 3952 614 4000 in
653 3952 749 4002 der
767 3952 1083 4016 Bedeutung
1124 3965 1252 4000 vor
1286 3953 1420 4002 wird
1455 3952 1786 4014 gewohnlich
1823 3965 1926 4002 nur
1962 3954 2103 4003 dann
2140 3951 2457 4016 gebi-sucht,
2498 3964 2657 4003 wenn

121 4019 239 4070 eine
281 4018 457 4068 sache
502 4019 588 4068 die
629 4019 862 4070 Ursache
905 4020 1080 4071 davon
1116 4021 1204 4080 ist,
1243 4019 1372 4072 dass
1397 4019 1573 4070 Etwas
1612 4019 1813 4069 nicht
1846 4021 1987 4070 Statt
2026 4020 2208 4082 findet,
2243 4019 2376 4070 oder
2411 4021 2509 4070 mit
2546 4034 2654 4070 an-

119 4087 252 4136 dern
279 4087 523 4142 Worten,
564 4100 668 4136 nur
701 4087 754 4136 in
795 4089 1078 4150 negativen
1119 4089 1310 4140 Satzen
1342 4087 1476 4138 oder
1514 4088 1569 4136 in
1610 4088 1842 4150 selenen,
1887 4089 1973 4139 die
2012 4089 2301 4140 denseiben
2336 4090 2389 4139 in
2414 4087 2659 4140 Hinsicht

121 4156 217 4204 der
251 4153 471 4203 Diction
507 4158 635 4204 sont
676 4154 1056 4219 gleichgestellt
1091 4155 1326 4217 werden,
1366 4169 1412 4208 Ζ.
1451 4155 1507 4204 Β.
1547 4156 1647 4206 mit
1680 4153 1789 4207 vix.
1838 4157 1887 4207 S.
1926 4153 1975 4219 3,
2013 4153 2095 4220 22,
2138 4153 2220 4208 29.

143 4255 148 4262 ·
255 4245 308 4307 7,
340 4240 424 4306 33,
455 4241 502 4294 8.
569 4242 779 4298 Rates
817 4244 1120 4309 iunctae,
1174 4259 1282 4296 von
1317 4247 1416 4296 der
1450 4246 1827 4312 Verfertigung
1862 4248 1961 4299 der
1996 4247 2271 4300 einzelnen
2304 4247 2507 4308 Flossffi·
2558 4249 2661 4297 wie

41 4375 50 4382 .
120 4327 244 4364 man
287 4315 412 4376 sagt
445 4318 652 4377 pontem
682 4312 906 4378 iungere.
967 4314 1143 4376 Vergl.
1184 4315 1237 4364 C.
1273 4311 1327 4374 8,
1353 4310 1437 4373 34,
1463 4311 1512 4364 3.
1554 4341 1619 4352 —-
1660 4331 1835 4366 more
1862 4315 2083 4381 gentis
2122 4316 2196 4364 im
2237 4315 2531 4378 Gegensatz
2564 4328 2663 4364 zur

120 4381 433 4432 romischen
471 4381 620 4430 Sitte.
657 4407 718 4418 —
773 4379 822 4442 7,
840 4377 927 4440 33,
951 4379 999 4431 9.
1045 4379 1220 4445 Quis.
1261 4381 1344 4432 R:
1382 4382 1521 4447 quia.
1562 4409 1619 4420 -
1678 4382 1972 4435 modicus
2008 4380 2283 4436 laabim,
2319 4383 2457 4432 nach
2482 4382 2659 4443 conj.;

121 4447 193 4500 F.:
233 4447 488 4498 modicus.
557 4448 657 4498 Die
698 4449 890 4502 Codd.:
931 4465 996 4502 m.
1032 4447 1250 4510 animm,
1287 4449 1464 4513 anina,
1504 4450 1669 4500 annis.

254 4537 305 4602 7,
349 4536 435 4602 33,
483 4537 566 4592 11.
633 4537 738 4588 Ea·
771 4554 948 4605 quae
984 4541 1123 4590 nach
1163 4541 1337 4603 ConJ'.;
1387 4539 1575 4592 bisber
1607 4541 1796 4607 sicque.
1838 4567 1902 4581 -——
1954 4539 2253 4596 sos-titis,
2304 4541 2356 4588 S.
2392 4535 2440 4600 8,
2476 4536 2527 4600 4,
2566 4535 2654 4589 35:

119 4605 495 4744 ςσζυαιεαηόἱεέἱω
527 4606 847 4678 praecipitia
877 4607 1084 4673 ingenia
1114 4607 1348 4659 sortitas.
1401 4635 1458 4644 -—
1519 4606 1571 4669 7,
1608 4606 1692 4671 33,
1738 4606 1816 4672 12.
1870 4606 2262 4678 Loquutum.
2315 4605 2401 4655 F.:
2459 4605 2540 4654 ita
2579 4603 2663 4656 lo·-

256 4767 308 4831 7,
353 4763 440 4831 34,
485 4763 569 4816 12.
627 4765 860 4821 ·Tanti
903 4765 1192 4816 numinis
1243 4765 1314 4831 fu
1333 4762 1499 4834 lqar.
1570 4765 1677 4822 Der
1714 4765 1965 4818 Gedanke
2005 4766 2270 4899 schreitleg
2292 4779 2429 4830 ganz
2466 4771 2665 4842 mm?-
