2975 5350
308 347 440 414 aas
637 421 658 430 ,
1250 344 1333 424 Q.
1368 341 1652 406 cuam
1699 341 1894 405 num

314 513 591 596 Undique
632 514 904 578 abscissa
946 520 1009 575 et
1046 513 1307 594 abrupta
1352 512 1568 575 semita
1609 516 1978 593 perangusta
2013 507 2230 572 aditur.
2315 505 2346 550 ³
2361 508 2426 570 ln
2469 509 2686 572 medio
2731 511 2868 574 alti-

316 613 543 676 tudinis
574 612 773 692 spatio
796 611 977 674 habet
1020 629 1289 690 specum,
1336 609 1512 672 cuius
1557 629 1632 672 os
1673 616 1870 670 artum
1913 612 1977 668 et
2019 607 2352 668 obscurum
2397 615 2519 680 θεάς
2561 608 2867 687 paulatim

318 708 536 771 deinde
576 709 869 772 ulteriora
909 707 1289 788 panduntun
1342 705 1553 768 ultima
1593 706 1773 768 etiam
1810 705 1968 766 altos
2029 721 2312 764 recessus
2363 704 2608 766 habent.
2699 707 2871 767 Fon-

320 811 412 868 tes
447 825 567 886 per
602 811 797 868 totum
846 806 977 867 fere
1018 803 1277 884 spatium
1314 808 1584 878 manant,
1627 821 1662 862 e
1705 801 1926 883 quibus
1967 797 2224 862 collatae
2269 795 2462 880 aquae
2497 821 2620 880 per
2667 822 2872 882 prona

320 903 543 965 montis
580 903 805 964 flumen
846 901 1137 963 emittunt.
1237 893 1411 960 ⁴Rex
1466 898 1590 960 loci
1645 897 1998 970 difficultate
2055 901 2326 975 spectata
2371 902 2680 958 statuerat
2723 899 2874 960 inde

320 999 525 1070 abit-ez
562 1000 788 1080 cupido
832 997 1049 1060 deinde
1094 995 1341 1058 incessit
1376 995 1577 1057 animo
1621 1000 1898 1056 naturam
1941 1010 2188 1074 quoque
2229 991 2539 1071 fatigandi.
2641 989 2869 1056 ⁵Prius

322 1101 521 1158 tamen
560 1117 738 1178 qnam
778 1098 1081 1158 fortunam
1110 1091 1444 1154 obsidionis
1468 1091 1864 1172 experiretur,
1905 1090 2162 1169 Cophen
2207 1088 2522 1167 (Artabazi
2560 1089 2668 1150 hic
2699 1089 2870 1152 filins

322 1193 483 1270 erat)
530 1193 691 1256 misit
730 1195 810 1256 ad
850 1191 1149 1254 barbaros
1162 1237 1178 1265 ,
1248 1189 1353 1271 qui
1390 1188 1703 1265 suaderet,
1763 1193 1832 1249 ut
1871 1186 2162 1248 dederent
2221 1205 2452 1266 rupem.
2543 1185 2872 1250 Arimazes

318 1286 463 1350 loco
502 1289 693 1349 fretus
734 1288 997 1369 superbe
1042 1285 1227 1348 multa
1264 1284 1613 1366 respondit,
1655 1285 1732 1344 ad
1775 1284 2050 1345 ultimum
2065 1329 2081 1359 ,
2127 1303 2202 1344 an
2239 1282 2596 1344 Alexander
2653 1284 2871 1345 volare

320 1395 550 1464 posset,
590 1383 937 1470 interrogat.
1039 1377 1067 1422 ⁶
1084 1387 1257 1464 Quae
1288 1382 1559 1442 nuntiata
1593 1382 1722 1460 regi
1759 1381 1850 1444 sic
1891 1379 2224 1442 accendere
2255 1379 2544 1458 animum,
2585 1386 2666 1442 ut
2705 1381 2872 1442 adhi-

322 1479 463 1542 bitis
479 1527 497 1555 ,
536 1499 676 1542 cum
716 1479 939 1562 quibus
984 1478 1329 1542 consultare
1370 1485 1500 1540 erat
1545 1477 1760 1540 solitus
1774 1525 1790 1555 ,
1831 1477 2125 1538 indicaret
2173 1474 2560 1536 insolentiam
2597 1477 2868 1553 barbari,

324 1574 625 1638 eludentis
668 1576 869 1655 ipsos„
922 1575 1061 1657 quia
1102 1574 1317 1654 pinnas
1354 1593 1479 1634 non
1537 1572 1842 1636 haberent.
1927 1573 2010 1636 Se
2077 1579 2282 1634 autem
2337 1573 2634 1650 proxima
2689 1581 2870 1634 nocte

322 1671 675 1734 effecturum
688 1719 709 1748 ,
764 1679 831 1734 nt
870 1673 1147 1734 crederet
1206 1670 1572 1736 Macedones
1631 1669 1812 1730 etiam
1873 1668 2100 1731 volare.
2183 1667 2210 1707 ⁷
2233 1671 2569 1730 Trecentos
2568 1719 2604 1756 Ψ
2659 1670 2868 1751 inquit,

312 1771 769 1848 perna-t'sn‘rnos
802 1771 1047 1831 iuvenes
1088 1773 1167 1832 ex
1210 1770 1337 1829 suis
1382 1768 1634 1846 quisque
1677 1768 1866 1845 copiis
1902 1766 2228 1846 perducite
2275 1765 2364 1826 ad
2405 1785 2537 1842 me,
2591 1771 2718 1847 qui
2755 1789 2868 1848 per

324 1866 511 1928 calles
561 1873 625 1928 et
682 1885 883 1947 paene
936 1867 1141 1927 invias
1188 1884 1371 1944 rupes
1428 1863 1600 1924 domi
1638 1881 1868 1941 pecora
1915 1883 2100 1942 agere
2151 1871 2624 1926 consueverant.
2737 1859 2866 1926 fimi

324 1969 703 2041 praestantes
740 1970 800 2025 et
842 1963 1083 2026 levitate
1124 1981 1457 2044 corporum
1495 1970 1556 2022 et
1595 1959 1818 2021 ardore
1859 1960 2197 2021 animorum
2241 1966 2490 2022 strenue
2531 1961 2868 2037 adducunt,

202 2061 223 2078 ⁰
324 2078 483 2140 quos
523 2059 759 2146 intuens
800 2081 925 2137 rex,
986 2060 1315 2136 Vobiscum
1360 2056 1570 2140 inquit,
1613 2075 1649 2116 o
1688 2057 1950 2134 iuvenes,
1985 2064 2051 2117 et
2091 2057 2217 2116 mei
2251 2057 2570 2134 aequales,
2611 2056 2867 2119 urbiam

324 2156 705 2218 invictarum
742 2166 891 2218 ante
927 2159 1318 2218 munimenta
1358 2154 1678 2234 superavi,
1731 2155 2039 2214 montium
2085 2153 2239 2231 iuga
2269 2155 2552 2231 perenni
2586 2156 2739 2214 mve
2778 2154 2864 2216 ob-

322 2259 475 2313 ruta
512 2274 789 2314 emensus
830 2273 965 2314 sum
982 2302 996 2328 ,
1040 2256 1367 2336 angustias
1412 2251 1667 2314 Ciliciae
1715 2250 1982 2326 intravi,
2037 2249 2256 2312 Indiae
2305 2251 2441 2310 sine
2489 2250 2866 2312 lassitudine

324 2351 452 2408 vim
473 2348 761 2428 frigoris
802 2369 939 2408 sum
970 2367 1306 2427 perpessus.
1391 2349 1475 2408 Et
1531 2347 1656 2406 mei
1701 2343 2067 2406 docummta
2125 2343 2290 2406 vobis
2343 2344 2490 2404 dedi
2543 2354 2613 2406 et
2665 2355 2864 2408 vestm

324 2440 528 2504 habea.
618 2439 647 2482 ⁹
660 2444 867 2519 Petra,
912 2463 1101 2522 quam
1140 2443 1374 2519 videtis,
1414 2461 1618 2502 unum
1659 2442 1903 2506 aditam
1943 2440 2138 2517 habet,
2185 2461 2363 2520 quem
2409 2439 2681 2502 barbari
2721 2443 2861 2504 obsi-

326 2537 489 2614 dent,
532 2546 734 2600 cetera
770 2540 1139 2620 negligunt:
1188 2540 1405 2600 nullae
1450 2539 1706 2618 vigiliae
1757 2545 1932 2615 sunt,
1985 2539 2114 2598 nisi
2165 2557 2327 2616 quae
2373 2546 2596 2599 castra
2653 2549 2862 2601 nostra

326 2642 622 2717 spectant.
690 2631 748 2676 ¹⁰
764 2637 1093 2701 Invenietis
1130 2637 1301 2699 viam
1314 2684 1335 2711 ,
1375 2637 1433 2697 si
1470 2636 1748 2698 sollerter
1789 2635 2013 2697 rimati
2029 2633 2304 2715 fueritne
2342 2633 2561 2695 aditus
2577 2635 2863 2717 ferentes

326 2734 416 2795 ad
451 2754 763 2797 cacumen.
847 2733 1027 2795 Nihil
1066 2740 1195 2794 tam
1248 2734 1375 2794 alte
1418 2739 1658 2794 natura
1699 2733 2024 2793 constituit
2037 2778 2053 2808 ,
2111 2750 2230 2810 quo
2261 2733 2466 2792 virtus
2505 2752 2648 2793 noa
2683 2738 2864 2814 possit

325 2832 487 2893 eniti
581 2830 972 2914 Experz‘endo
985 2879 1005 2907 ,
1044 2850 1200 2911 quae
1238 2832 1426 2891 ceteri
1458 2830 1962 2909 desperaverunt,
2000 2828 2216 2889 Asiam
2252 2826 2546 2889 habemus
2587 2833 2665 2890 in
2699 2840 2863 2911 pote-

324 2934 497 2989 state.
569 2923 615 2969 ¹¹
628 2928 889 2991 Evadite
912 2928 984 2987 in
1008 2945 1325 3001 cacumen,
1364 2926 1530 3007 quod
1545 2944 1736 3005 quum
1765 2924 2061 3002 ceperitis,
2083 2924 2388 2985 -candidis
2427 2927 2587 2987 velis
2618 2931 2864 3007 signum

326 3023 489 3083 mihi
538 3022 795 3083 dabitis:
859 3040 969 3099 ego
1021 3023 1211 3101 copiis
1265 3023 1532 3084 admotis
1587 3021 1814 3082 hostem
1867 3021 1941 3081 in
1997 3038 2110 3079 nos
2176 3038 2219 3080 a
2279 3018 2444 3081 vobis
2487 3032 2862 3085 convertam.

331 3114 381 3157 ¹²
403 3120 766 3181 Praemium
807 3118 932 3177 erit
964 3119 1053 3199 ei,
1096 3120 1211 3196 qui
1234 3121 1487 3197 primus
1528 3118 1921 3197 occupaverit
1957 3117 2240 3177 verticem
2259 3165 2277 3193 ‚
2319 3118 2566 3179 talenta
2607 3123 2710 3197 X,
2747 3140 2865 3181 uno

327 3217 536 3273 minus
558 3214 861 3289 accipiet,
920 3214 1033 3289 qui
1057 3216 1385 3290 proximus
1422 3216 1485 3273 ei
1522 3216 1784 3287 venerit,
1839 3212 2165 3291 cadentque
2213 3214 2301 3273 ad
2345 3214 2554 3274 decem
2597 3216 2868 3277 homiaes

326 3306 672 3369 servabitur
716 3308 948 3383 portic.
1046 3305 1291 3369 Certum
1353 3317 1563 3371 autem
1615 3306 1801 3373 habeo
1813 3357 1830 3387 ,
1886 3327 1989 3369 vos
2051 3328 2182 3369 mm
2238 3316 2369 3370 tam
2425 3308 2866 3374 liberalitatem

331 3404 573 3465 intueri
610 3420 827 3479 meam,
866 3420 1051 3479 quam
1090 3402 1488 3466 voluntatem.

460 3558 509 3621 7,
548 3557 637 3622 41,
680 3556 729 3613 2.
793 3558 1137 3613 Abscissa.
1202 3562 1292 3614 Z.:
1346 3559 1564 3613 abscisa.
1629 3564 1682 3613 S.
1720 3576 1788 3613 zu
1827 3559 1876 3625 5,
1920 3523 1998 3623 12,
2041 3558 2120 3611 17.
2187 3562 2333 3611 Auch
2369 3563 2488 3613 hier
2524 3563 2752 3613 scheint
2787 3563 2864 3613 die

326 3630 623 3681 naturliche
655 3628 1069 3695 Uebertragung,
1108 3631 1194 3681 die
1234 3632 1286 3679 in
1324 3629 1578 3681 abscissas
1621 3632 1761 3695 liegt,
1813 3631 1916 3681 den
1956 3630 2170 3692 Vorzug
2203 3644 2272 3679 zu
2306 3631 2626 3693 vet-dienen,
2677 3646 2772 3681 um
2805 3645 2861 3681 so

326 3699 479 3749 mehr
520 3698 598 3749 als
638 3696 810 3749 aditus
850 3700 951 3751 mit
980 3700 1105 3751 dem
1138 3700 1193 3750 in
1226 3696 1455 3751 abscisus
1491 3698 1804 3763 gegebenen
1833 3700 2043 3761 Tropus
2079 3699 2292 3749 schwer
2327 3712 2398 3747 zu
2432 3700 2758 3763 vereinigen
2787 3702 2862 3749 ist.

466 3787 520 3851 7,
562 3786 649 3851 41,
688 3787 736 3843 3.
809 3789 1238 3841 Panduntur.
1320 3791 1374 3839 S.
1416 3790 1555 3854 virg.
1598 3792 1783 3853 Georg.
1826 3786 1874 3848 1,
1913 3784 2009 3838 34:
2063 3804 2168 3855 qua
2219 3787 2413 3838 locus
2465 3788 2516 3837 E
2556 3788 2569 3801 ’
2609 3806 2744 3839 enen
2785 3792 2864 3839 ἰπ-

331 3865 411 3908 ter
452 3856 735 3925 Chelasque
768 3865 1027 3925 sequentes
1058 3857 1423 3925 panditur.
1466 3884 1524 3895 ——
1567 3856 1615 3921 7,
1656 3854 1742 3918 41,
1781 3854 1830 3907 4.
1871 3852 2122 3906 Animo.
2164 3859 2217 3907 S.
2247 3872 2314 3907 zu
2349 3854 2396 3919 3,
2434 3853 2490 3917 2,
2528 3856 2555 3906 1
2605 3894 2616 3908 .
2651 3887 2720 3893 —
2750 3859 2862 3922 fa-

330 3926 611 3992 tigandi.
654 3930 704 3977 S.
746 3941 814 3977 zu
848 3924 896 3988 8,
941 3925 1024 3986 11,
1065 3925 1112 3975 1.
1156 3954 1213 3963 --
1270 3924 1323 3986 7,
1358 3923 1443 3989 41,
1478 3924 1526 3977 5.
1577 3924 1858 3992 Cophen.
1911 3926 1989 3975 F.:
2029 3922 2254 3991 Coplum.
2300 3952 2358 3961 ·—-
2413 3922 2674 3994 volup-e
2706 3942 2863 3992 pos-

328 4001 445 4044 set.
502 3996 582 4047 R:
630 3992 811 4043 colare
838 3994 1015 4059 possit.
1089 3996 1159 4043 So
1210 3994 1379 4045 findet
1417 3996 1531 4047 sich
1571 3996 1669 4045 das
1709 4005 1968 4057 praesens
2005 3993 2323 4043 historicum
2371 3992 2549 4056 heufig
2601 3996 2708 4043 mit
2753 3995 2865 4044 dem

328 4062 709 4115 schilderndsn
744 4061 1124 4123 Imperfectum
1163 4063 1509 4124 verbundem
1567 4078 1610 4113 z.
1647 4063 1705 4111 B.
1745 4059 1793 4123 3,
1835 4056 1915 4122 14,
1951 4057 2011 4109 7:
2067 4058 2157 4111 dia
2189 4060 2358 4109 animo
2408 4060 2466 4108 in
2497 4060 2714 4111 diversa
2753 4078 2866 4111 cer-

327 4135 459 4190 tato,
488 4126 625 4180 nulli
662 4126 788 4193 quid
822 4126 1071 4194 scriptum
1106 4136 1317 4190 esset,
1354 4130 1693 4179 enuntiat.
1741 4126 1790 4193 4,
1831 4125 1912 4192 45,
1954 4124 2001 4177 4.
2041 4125 2090 4191 6,
2135 4126 2214 4191 19,
2257 4126 2338 4179 31.
2375 4124 2429 4188 8,
2467 4126 2516 4190 5,
2557 4126 2646 4180 47.

460 4214 513 4278 7,
550 4214 631 4281 41,
671 4214 718 4268 6.
776 4214 1177 4267 Accendere
1250 4222 1298 4269 S.
1338 4234 1407 4270 zu
1440 4217 1489 4283 4,
1518 4216 1602 4283 40,
1634 4217 1716 4274 13.
1745 4246 1806 4257 -
1847 4220 2110 4287 pinnas.
2149 4219 2229 4270 R:
2267 4226 2480 4286 pennas.
2519 4221 2571 4271 S.
2599 4219 2655 4281 7,
2681 4218 2864 4281 3535,

327 4315 392 4325 —
426 4284 475 4348 7,
514 4281 596 4349 41,
627 4284 679 4339 7.
726 4284 1277 4337 consueverant.
1319 4288 1399 4337 F.:
1436 4288 1805 4338 consueverint.
1861 4290 2044 4351 Bringt
2083 4290 2186 4338 mir
2217 4288 2423 4351 rustige
2445 4289 2637 4351 Lente,
2677 4290 2868 4345 solche,

330 4357 418 4408 die
458 4355 678 4415 damalS,
730 4354 807 4405 als
850 4356 929 4405 sie
979 4354 1121 4405 noch
1170 4354 1266 4404 auf
1310 4356 1415 4406 den
1451 4358 1618 4420 Aipen
1669 4358 1815 4407 ihrer
1861 4356 2108 4405 Reimath
2157 4356 2350 4417 lebten,
2397 4356 2570 4405 schon
2624 4358 2870 4421 gewohnt

276 4418 282 4441 '
325 4438 527 4486 waren,
566 4422 736 4475 selbst
772 4421 909 4474 iiber
943 4435 1286 4485 unwegsame
1327 4424 1554 4488 Gebirge
1593 4424 1710 4475 sich
1747 4424 1896 4474 Bahn
1935 4438 2002 4473 zu
2041 4424 2285 4473 macheu.
2485 4446 2506 4455 —

463 4513 511 4579 7,
544 4510 627 4577 41,
665 4510 716 4563 8.
754 4510 1015 4563 Indiae.
1050 4513 1221 4578 vergi.
1246 4511 1297 4576 7,
1320 4510 1403 4577 34,
1431 4511 1514 4564 19.
1553 4514 1620 4567 Es
1639 4516 1765 4580 liegt
1791 4516 1962 4566 hierin
1981 4516 2106 4565 dem
2127 4514 2380 4565 Sinn'der
2403 4514 2558 4566 Alten
2587 4517 2734 4566 nach
2757 4516 2869 4567 kein

328 4582 666 4637 Missbrauch
708 4582 807 4632 des
842 4582 1098 4632 Namens:
1158 4582 1302 4633 Alex.
1344 4582 1492 4633 hatte
1544 4584 1649 4633 den
1687 4583 1970 4634 indischen
1999 4584 2282 4635 Kaukasus
2316 4582 2546 4632 hersshrt
2601 4584 2720 4636 und
2773 4584 2870 4633 deu

325 4652 709 4713 Paropamisus
752 4650 1201 4701 durchschritten.
1274 4652 1353 4700 An
1404 4650 1564 4702 beide
1595 4652 1798 4703 Numen
1846 4651 1978 4701 aber
2013 4650 2206 4713 knupst
2247 4651 2360 4700 sich
2409 4650 2498 4700 die
2535 4650 2872 4711 vox-stellans

325 4718 543 4767 Indicus
580 4718 711 4767 aurs
746 4718 943 4780 Engste
984 4730 1066 4767 en.
1106 4745 1163 4755 —
1206 4733 1317 4768 ces
1334 4724 1393 4768 tr
1410 4733 1461 4768 a.
1515 4720 1601 4770 R:
1635 4718 1810 4769 vestri.
1849 4744 1908 4759 ·-
1961 4716 2013 4780 7,
2047 4714 2132 4779 41,
2170 4714 2252 4769 12.
2297 4715 2559 4769 Porcio.
2635 4720 2709 4769 So
2753 4720 2869 4770 dass

320 4782 479 4845 jeder
519 4784 766 4847 folgende
803 4786 891 4836 ein
926 4786 1113 4837 Talent
1142 4787 1382 4851 weniger
1422 4787 1743 4853 empfangen
1789 4786 1960 4839 sollte.
