2975 5350
336 333 425 399 36
804 292 813 395 J
962 384 969 390 .
1269 330 1351 408 Q.
1404 328 1686 391 cun‘rn
1731 328 1930 391 Ruri

344 498 783 563 benivolentiae
825 498 1068 561 illorum
1106 496 1329 576 gratias
1370 516 1570 575 agere,
1627 503 1916 573 ceterum,
1973 495 2028 557 si
2065 500 2233 557 retro
2287 495 2376 559 ire
2432 498 2661 575 perget,
2721 498 2896 559 baud

346 595 527 658 dubie
562 614 815 675 regnum
854 592 1129 655 hostibus
1162 594 1537 655 traditurum.
1613 594 1802 654 Fama
1843 592 2004 654 bella
2043 599 2224 669 stare,
2267 598 2328 653 et
2368 612 2526 669 eum,
2571 594 2674 673 qui
2713 614 2890 656 rece-

348 694 465 769 dat,
505 693 714 771 fugere
758 690 943 753 credi.
1008 683 1039 727 8
1052 690 1356 753 Trahendi
1396 709 1549 752 vero
1591 689 1740 750 belli
1783 688 1886 751 vix
1919 690 2106 751 ullam
2147 708 2290 751 esse
2327 690 2637 751 rationem.
2726 692 2899 753 Tan-

346 796 442 850 tae
483 788 639 849 enim
680 785 1063 861 multitudini,
1102 786 1309 865 utique
1355 805 1540 867 quum
1587 785 1704 846 iam
1744 785 1935 847 hiems
1979 787 2244 862 instaret,
2315 785 2384 866 in
2423 786 2670 865 regione
2713 796 2896 851 vasta

348 890 408 945 et
468 882 723 945 invicem
778 902 813 942 a
866 881 993 943 suis
1034 887 1227 961 ‘etque
1274 884 1449 943 hoste
1503 887 1744 957 vexata,
1795 901 1918 945 non
1965 882 2294 943 suffectura
2347 882 2644 945 alimenta.
2741 880 2892 947 9Ne
2956 908 2957 951 ξ

350 980 535 1065 dividi
576 979 819 1059 quidem
860 976 1069 1056 copias
1108 996 1293 1056 posse
1334 984 1574 1039 servato
1617 997 1788 1039 more
1829 979 2143 1053 maiorum,
2191 978 2298 1057 qui
2347 978 2658 1043 universas
2719 982 2892 1044 vires
2956 1042 2957 1063 p

352 1075 679 1139 discrimini
738 1074 1037 1137 bellorum
1088 1092 1327 1154 semper
1377 1074 1722 1139 obtulerint.
1805 1068 1861 1111 ¹⁰
1873 1074 1956 1135 Et
2003 1074 2266 1149 hercule,
2319 1070 2676 1137 'terribilem'
2705 1085 2890 1139 antea
2956 1064 2957 1125 3

356 1191 561 1251 regem
624 1177 683 1232 et
724 1170 993 1231 absentia
1036 1186 1147 1231 sua
1204 1171 1283 1231 ad
1324 1190 1535 1231 vanam
1578 1169 1856 1231 fiduciam
1903 1170 2141 1245 elatum,
2193 1177 2513 1250 postquam
2554 1173 2888 1236 adventare

354 1290 421 1331 se
462 1268 732 1342 senserit,
772 1271 1011 1327 cautum
1053 1285 1172 1345 pro
1213 1266 1538 1327 temerario
1577 1266 1820 1343 factum,
1871 1266 2178 1327 delituisse
2223 1266 2378 1327 inter
2417 1270 2726 1345 angustias
2763 1272 2888 1332 sal-

356 1372 453 1427 tus
496 1364 617 1424 ritu
654 1361 1005 1441 ignobilium
1046 1363 1327 1439 ferarum,
1399 1383 1552 1444 quae
1591 1363 1847 1443 strepitu
1888 1362 2398 1442 praetereuntium
2440 1363 2644 1427 audito
2699 1366 2890 1427 siiva-

358 1481 495 1522 rum
535 1458 781 1520 letebris
830 1478 895 1519 se
968 1457 1360 1520 occuluerint.
1430 1454 1475 1497 ¹¹
1493 1460 1616 1519 Iam
1678 1459 1852 1520 etiem
1912 1460 2270 1521 valetudinis
2329 1458 2704 1523 sinmlatione
2753 1465 2892 1525 fru-

358 1556 537 1619 strari
574 1574 720 1617 suos
774 1554 1009 1617 milites,
1082 1556 1207 1617 Sed
1256 1575 1379 1616 non
1432 1554 1692 1635 amplius
1745 1554 1948 1634 ipsum
2001 1576 2136 1618 esse
2177 1564 2499 1634 p'assu'rum
2541 1558 2892 1619 detrectare
2955 1570 2957 1621 ἲ

358 1658 675 1715 certamen.
747 1652 817 1713 In
854 1652 960 1713 ino
998 1672 1207 1731 specu,
1244 1652 1307 1713 in
1346 1671 1528 1732 quem
1565 1652 1768 1730 pavidi
1807 1652 2217 1729 recessissent,
2259 1642 2698 1733 oppressurum
2741 1674 2890 1717 esse

358 1753 721 1813 cunctantes.
803 1748 968 1809 Haec
1010 1747 1486 1827 magnificentius
1525 1746 1756 1825 iactata,
1797 1768 1976 1829 quam
2020 1750 2240 1811 verius.
2343 1758 2350 1765 “
2615 1758 2621 1765 ’
2956 1748 2957 1751 ’

358 1999 553 2063 famam
599 2012 845 2047 novorum
902 1996 1230 2058 auxiliorum,
1280 2012 1588 2046 concurrere
1643 2012 1814 2057 ansus,
1867 1995 2062 2046 delecto
2117 1996 2280 2046 milite
2319 1996 2392 2046 ad
2423 2013 2579 2047 ncwes
2617 1996 2883 2063 imposito,
2956 1994 2957 2067 {

361 2066 581 2132 quinque
630 2072 680 2129 et
734 2066 952 2131 triginta
997 2066 1203 2115 navium
1255 2063 1422 2113 classe
1481 2065 1586 2114 ire
1631 2064 1831 2114 obviam
1879 2063 2014 2113 hosti
2055 2066 2317 2131 perqit.
2409 2065 2537 2116 lbid.
2577 2063 2660 2126 22,
2699 2063 2782 2126 22,
2825 2062 2881 2113 4:
2956 2068 2957 2125 ξ

358 2135 669 2197 (Scipiones)
711 2134 973 2199 occupatis
1029 2130 1544 2197 Karthaqiniensibus
1599 2130 1894 2181 celtiberice
1938 2130 2083 2194 bello,
2132 2131 2272 2181 haud
2323 2140 2624 2182 cunctanter
2673 2132 2885 2181 Iberum
2956 2156 2957 2203 ;

360 2198 840 2266 transqrediitntur:
882 2217 977 2250 nec
1014 2199 1124 2249 ullo
1160 2201 1268 2249 eisc
1308 2201 1467 2258 hoste,
1525 2198 1808 2264 Saguntum
1850 2216 1887 2265 p
1909 2207 2153 2264 erqunt
2198 2200 2328 2259 ire,
2385 2200 2521 2267 quod
2570 2199 2643 2248 ibi
2679 2199 2883 2247 obsides
2956 2206 2957 2265 ξ

348 2259 515 2318 ¹totius
552 2266 838 2333 Hispaniae
873 2267 1134 2317 custodiae
1170 2266 1389 2315 traditos
1430 2265 1495 2314 ab
1531 2264 1823 2315 Hannibale
1855 2267 2002 2330 fama
2055 2274 2170 2316 erat
2199 2267 2396 2317 modico
2443 2269 2500 2317 in
2539 2282 2662 2317 arce
2698 2276 2882 2317 cusm-
2955 2268 2957 2319 ἶ

358 2336 461 2385 diri
491 2334 764 2401 praesidio.
839 2336 964 2385 Hier
997 2336 1069 2385 ist
1105 2335 1251 2384 nicht
1292 2347 1397 2383 von
1436 2333 1534 2383 der
1572 2334 1921 2397 Fortsetzung
1943 2336 2091 2384 einer
2128 2336 2296 2387 sehon
2321 2335 2499 2386 friiher
2525 2335 2881 2399 begonnenen
2956 2328 2957 2379 ἕ

360 2403 794 2464 Unternehmung
837 2403 922 2451 die
958 2402 1115 2461 Rede,
1152 2401 1389 2451 sondern
1428 2414 1537 2449 von
1576 2402 1723 2451 einer
1771 2401 1908 2452 eben
1941 2401 2331 2465 beginnenden.
2417 2405 2512 2453 Die
2565 2408 2881 2466 urspriing—
2956 2408 2957 2451 ξ

359 2470 495 2519 liche
538 2469 851 2531 Bedeutung
890 2483 998 2517 von
1032 2484 1245 2534 perqere
1282 2468 1383 2517 ist:
1428 2468 1547 2517 eine
1586 2468 1906 2533 Bewegung,
1953 2470 2069 2519 eine
2113 2471 2543 2534 Unternehmung
2571 2472 2680 2519 ‚mit
2713 2472 2882 2533 Kraft,
2956 2492 2957 2515 1

354 2539 454 2586 mit
483 2535 657 2599 Erfolg
694 2535 825 2599 (per)
864 2536 1053 2586 lenken
1092 2536 1331 2598 (regere),
1360 2534 1646 2598 vet-folgen,
1688 2536 2064 2587 diirchfiihren.
2090 2565 2146 2573 —
2190 2536 2402 2587 Fama
2436 2536 2622 2587 bella
2657 2544 2879 2598 stare,
2956 2548 2957 2585 3

354 2605 457 2653 wie
494 2598 543 2664 8,
578 2598 661 2663 28,
701 2600 792 2651 15:
828 2604 1015 2666 fama
1050 2600 1184 2651 bella
1218 2608 1576 2663 constant,·
1616 2604 1724 2653 und
1756 2602 1803 2666 5,
1841 2601 1923 2665 36,
1966 2601 2056 2653 14:
2095 2606 2306 2669 fama,
2349 2605 2625 2655 maximum
2653 2605 2712 2653 in
2741 2604 2880 2653 bello
2956 2654 2957 2667 ³

352 2671 528 2737 utique
565 2677 882 2720 momentum.
971 2670 1227 2722 Derselbe
1280 2670 1531 2722 Gedanke
1576 2672 1665 2724 hei
1713 2672 1821 2724 Liv.
1860 2669 1942 2735 27,
1980 2668 2066 2733 45,
2101 2670 2162 2724 5;
2211 2674 2246 2738 f
2255 2690 2460 2724 amam
2511 2671 2694 2724 bellum
2743 2690 2881 2723 con-
2956 2719 2957 2726 .

351 2740 517 2803 ficere.
588 2738 763 2802 Vergl.
806 2741 951 2790 Curt.
991 2735 1039 2801 4,
1077 2737 1155 2800 17,
1196 2736 1243 2789 2.

486 2835 657 2900 3,19,
692 2835 743 2888 8.
820 2837 1059 2906 Hiems,
1149 2839 1201 2888 S.
1250 2853 1316 2888 zu
1360 2835 1407 2901 3,
1456 2836 1536 2900 12,
1595 2837 1638 2891 1.
1698 2866 1755 2876 -
1818 2839 2124 2891 invicem.
2216 2839 2634 2904 Abweehselnd;
2677 2844 2784 2893 wie
2828 2841 2881 2906 7,
2956 2841 2957 2844 ’

352 2904 440 2969 25,
477 2905 510 2956 7
532 2934 589 2942 —
609 2904 668 2956 9:
708 2907 840 2972 (rex)
881 2905 1067 2956 castris
1102 2905 1219 2955 inde
1255 2905 1404 2955 motis
1440 2905 1627 2956 lectica
1661 2906 1880 2956 militari
1911 2907 2195 2972 ferebatur,
2241 2926 2394 2976 quam
2425 2927 2528 2977 pro
2574 2925 2629 2958 se
2659 2911 2883 2976 quisque

354 2989 553 3040 eques
584 2973 898 3041 pedesque
930 2973 1100 3022 subire
1139 2973 1422 3024 certabant.
1466 3001 1524 3011 —
1566 2975 1697 3036 Rex,
1729 2976 1786 3024 in
1819 2981 1962 3026 tanto
2012 2977 2380 3042 utriusque
2422 2977 2654 3044 partis
2689 2986 2879 3027 certa-

350 3042 501 3101 mine,
540 3047 588 3089 et
625 3039 723 3089 sibi
761 3040 1025 3106 difficilem
1067 3047 1117 3088 et
1149 3043 1444 3107 praeteritis
1516 3059 1689 3093 ranem
1724 3041 2016 3092 electionem
2066 3045 2300 3108 futuram
2349 3053 2515 3106 ratus,
2567 3045 2806 3096 invice
2825 3064 2878 3094 m

354 3107 524 3156 subire
562 3122 644 3156 eos
676 3108 841 3156 iussit.
877 3105 929 3167 4,
961 3105 1049 3168 54,
1086 3105 1170 3158 21.
1211 3106 1265 3168 8,
1310 3107 1391 3169 12,
1430 3108 1455 3159 1
1500 3146 1511 3158 .
1555 3108 1602 3171 7,
1642 3109 1728 3170 32,
1772 3108 1856 3160 32.
1911 3111 2054 3162 Aber
2074 3114 2211 3161 auch
2247 3115 2298 3161 in
2326 3115 2428 3164 den
2456 3114 2878 3178 Bedeutungen:

352 3176 755 3238 wechselseitig‚
794 3177 1133 3239 gegenseitig,
1174 3180 1331 3226 unter
1364 3178 1635 3240 einander,
1677 3192 1783 3227 von
1825 3180 1922 3228 der
1959 3179 2164 3230 andern
2211 3183 2383 3237 Seite,
2432 3183 2724 3243 ihrerseits,
2765 3182 2880 3231 da-

349 3256 965 3360 ..
985 3243 1411 3360 W..
1792 3247 2447 3312 ω
2523 3312 2852 3380 8,

390 3345 401 3356 ·
481 3347 492 3369 ²
590 3345 603 3365 ν
714 3345 725 3357 ·
837 3346 851 3372 a
968 3349 979 3372 ν
1090 3349 1100 3359 ·
1186 3349 1197 3372 ι
1310 3349 1321 3372 2
1402 3347 1414 3360 ·
1501 3349 1516 3374 >
1623 3349 1634 3378 2
1745 3348 1756 3361 ·
1844 3352 1855 3376 ν
1961 3350 1974 3378 2
2085 3352 2480 3379 ’’’’’
2681 3352 2696 3365 ·
2763 3356 2778 3379 ν
2859 3353 2879 3378 s

350 3374 429 3426 10.
470 3373 517 3438 6,
558 3372 639 3438 26,
675 3374 757 3426 19.
798 3373 845 3440 4,
886 3373 969 3440 38,
1004 3375 1087 3427 20.
2101 3387 2106 3392 “

406 3529 413 3538 ,
480 3476 530 3541 3,
575 3473 654 3540 19,
688 3474 739 3527 9.
812 3476 1238 3528 attuleram.
1313 3449 1524 3530 Abdere
1561 3478 1867 3531 uiuamus.
1931 3483 1981 3533 S.
2015 3498 2082 3533 zu
2114 3481 2166 3546 3,
2205 3483 2255 3547 5,
2295 3481 2401 3560 18..

481 3577 530 3642 3,
577 3575 655 3641 19,
700 3577 780 3629 10.
858 3576 1264 3628 Delituisse.
1346 3579 1454 3630 Das
1495 3581 1578 3630 W.
1617 3583 1750 3632 wird
1791 3581 2088 3634 besonders
2125 3598 2234 3635 von
2271 3585 2374 3634 den
2415 3584 2877 3648 Schlupswinkein

346 3647 533 3697 wilder
567 3647 755 3696 Thiere
794 3645 1105 3710 gebraucht.
1185 3647 1237 3696 S.
1289 3647 1396 3696 Cic.
1440 3648 1508 3697 de
1542 3649 1606 3698 N.
1649 3650 1711 3698 D.
1748 3647 1797 3710 2,
1831 3647 1914 3712 49,
1954 3647 2081 3701 126:
2134 3659 2192 3700 ut
2231 3651 2470 3714 (hestiae)
2511 3651 2566 3700 in
2615 3650 2879 3702 cubilibus

345 3712 805 3764 delitescant.
847 3739 904 3749 -
950 3713 1116 3761 ritu.
1188 3711 1313 3762 Ritu
1349 3715 1483 3764 wird
1517 3729 1662 3764 zwar
1696 3719 1833 3768 auch
1875 3732 1979 3768 von
2022 3721 2193 3771 einem
2239 3723 2398 3770 unter
2433 3721 2720 3770 Menschen
2753 3719 2878 3771 be—

339 3781 633 3834 stehenden
674 3781 971 3842 Gebrauch,
1020 3783 1169 3831 einer
1222 3783 1353 3832 Sitte
1405 3785 1769 3845 angewendet‚
1827 3799 1872 3836 z.
1915 3787 1966 3836 Β.
2006 3788 2113 3838 Cic.
2150 3788 2373 3850 Philipp.
2414 3785 2464 3850 2,
2499 3785 2582 3849 25,
2618 3783 2714 3836 62:
2749 3797 2879 3838 erat

340 3850 387 3898 ei
422 3849 685 3900 vivendum
723 3847 1079 3898 latronum
1111 3848 1286 3909 ritu,
1314 3857 1375 3898 ut
1406 3857 1604 3899 tantum
1637 3850 1861 3914 haberet,
1912 3861 2154 3919 quantum
2193 3871 2379 3921 rapere
2410 3855 2673 3922 potuisset.
2716 3857 2876 3906 Ha'u-

339 3917 471 3981 flger
503 3932 611 3968 von
648 3917 871 3968 Thieren
908 3917 1016 3966 und
1054 3917 1219 3967 deren
1274 3919 1776 3983 instinctmessigem
1823 3923 1970 3970 Thun
2028 3923 2137 3974 und
2185 3923 2481 3984 Verhaiten,
2513 3938 2557 3973 z.
2593 3923 2648 3973 B.
2687 3920 2736 3984 4,
2779 3921 2873 3986 48,

343 3981 430 4035 14:
467 3984 613 4034 ritu
649 3984 965 4047 ferarum
986 3984 1239 4048 praedam
1274 3985 1441 4046 modo,
1478 4001 1633 4102 guam
1671 3995 1945 4054 expeteret,
1987 3989 2280 4049 intuentem,
2319 3991 2376 4039 in
2392 3991 2692 4057 perniciem,
2730 4008 2877 4056 quae

338 4059 461 4100 ante
491 4049 744 4117 praedam
778 4051 953 4116 posita
990 4058 1131 4112 esset,
1165 4051 1445 4103 inecarrere.
1516 4089 1532 4112 ,
1566 4051 1654 4114 26,
1681 4052 1726 4104 6.
1763 4053 1816 4115 6,
1863 4053 1945 4116 16,
1990 4054 2072 4105 17.
2135 4057 2203 4108 Es
2244 4058 2380 4109 wird
2421 4058 2553 4110 aber
2575 4059 2718 4110 auch
2752 4073 2874 4110 von

335 4118 552 4169 hiessen
587 4119 907 4176 Zustzinden,
948 4119 1034 4168 die
1072 4119 1168 4169 der
1202 4121 1370 4172 Natur
1413 4122 1559 4171 eines
1586 4123 1811 4172 Wesens
1847 4126 2222 4188 entsprechen,
2255 4127 2310 4188 ,ia
2353 4140 2458 4176 von
2483 4141 2619 4191 ganz
2643 4127 2872 4178 leiden—

338 4186 461 4238 dem
496 4184 779 4236 Verhalten
813 4189 1031 4248 gesagt.,
1096 4188 1167 4236 So
1206 4189 1394 4238 Senec.
1433 4202 1555 4251 epp.
1600 4185 1696 4238 64:
1735 4187 1950 4239 multum
1973 4199 2194 4256 egerunt,
2218 4193 2306 4258 qui
2339 4201 2461 4244 ante
2497 4210 2588 4244 nos
2625 4192 2872 4257 simunt,

338 4251 429 4303 sed
460 4267 562 4301 non
594 4259 897 4316 peregerunt
915 4267 935 4310 z,
963 4253 1269 4318 suspiciendi
1304 4263 1475 4304 tamen
1523 4261 1640 4302 sunt
1690 4263 1738 4303 et
1791 4257 1941 4306 ritu
1996 4258 2267 4309 deorum
2325 4260 2540 4311 colendi.
2621 4265 2771 4312 Curt.
2817 4263 2872 4326 5,

344 4317 423 4382 12,
461 4317 554 4371 19;
589 4320 696 4382 fer
712 4335 899 4368 arum
937 4319 1081 4370 ritu
1117 4321 1260 4370 velut
1295 4323 1351 4371 in
1372 4323 1528 4385 fovea
1559 4321 1853 4392 deprehensi
1872 4325 2222 4380 caederentur.
2285 4329 2430 4378 Ganz
2458 4331 2876 4393 enfsprechend

335 4389 409 4439 ist
445 4388 541 4439 der
564 4385 843 4438 Gebrauch
881 4401 986 4436 von
1020 4386 1211 4438 modo
1253 4391 1363 4440 und
1397 4405 1612 4448 more3
1653 4403 1706 4439 s.-
1734 4393 1788 4440 C.
1824 4389 1872 4454 3,
1908 4389 1989 4454 28,
2031 4391 2120 4443 17:
2163 4393 2450 4460 agebantur
2474 4413 2508 4445 a
2532 4403 2637 4445 tam
2667 4400 2875 4463 paucis

327 4469 652 4521 pecorum
686 4452 893 4502 modo.
978 4455 1149 4520 vergi.
1188 4453 1237 4517 8,
1273 4455 1356 4518 50,
1386 4453 1469 4506 30.
1559 4457 1670 4507 Und
1707 4456 1758 4520 5,
1793 4457 1875 4521 37,
1912 4457 2295 4528 19e'reliquum
2319 4479 2499 4528 agmen
2585 4463 2877 4516 ecudum

283 4563 288 4567 .
332 4538 516 4571 more
548 4522 800 4570 intactum
842 4519 1106 4587 aqebatur.
1149 4551 1205 4559 —
1250 4521 1513 4574 Oce-utu
1531 4523 1723 4573 erint.
1801 4527 1879 4577 F.:
1915 4527 2260 4581 occuluerunt.
2335 4533 2384 4581 S.
2423 4546 2492 4581 zu
2567 4570 2578 4593 ,
2615 4529 2663 4594 5,
2711 4529 2799 4583 18.

461 4621 509 4684 3,
552 4621 631 4684 19,
672 4621 749 4673 11.
818 4621 939 4672 Iac
954 4630 1021 4672 ta
1036 4630 1116 4672 ta.
1192 4623 1378 4686 Ha'ufig
1411 4622 1500 4672 bei
1539 4625 1594 4673 C.
1633 4626 1686 4674 in
1749 4627 2020 4678 iihnlichen
2055 4630 2488 4696 Verbindungen,
2534 4647 2576 4682 z.
2614 4632 2670 4682 B.
2711 4630 2763 4692 8,
2813 4633 2874 4697 5,

328 4685 423 4737 39;
466 4687 561 4738 laec
580 4689 793 4756 superbe
822 4705 973 4757 saepe
1006 4690 1244 4739 iactasse.
1281 4687 1328 4750 9,
1368 4688 1421 4749 7,
1461 4687 1522 4739 6ε
1563 4691 1698 4741 eires
1737 4695 1881 4760 regni
1915 4695 2055 4745 haud
2088 4696 2228 4760 falso
2265 4699 2545 4750 iactari.
2581 4697 2636 4760 9,
2673 4697 2730 4762 8,
2759 4699 2872 4753 12;

322 4753 503 4818 multa,
530 4771 661 4823 quae
698 4763 891 4808 terrere
923 4773 1012 4808 vos
1046 4764 1267 4824 possent,
1304 4757 1370 4808 de
1404 4757 1664 4810 industria
1699 4776 1806 4812 esse
1837 4763 2128 4816 iactata.
