2975 5350
130 1 161 260 l

128 261 133 310 ἐ

575 305 660 373 Χ.
721 291 838 371 111.
885 308 1176 370 17-21,
1227 305 1336 372 lv,
1381 309 1683 372 22-29.
1730 306 1804 372 v,
1856 310 1940 373 30
1980 310 2149 372 -40,
2508 307 2637 373 aaa

126 419 129 450 Ι

123 468 386 554 {amque
431 477 628 554 gentis
671 475 941 539 eiusdem
985 475 1324 538 levissimos
1381 475 1551 538 falsis
1606 476 1957 539 criminibus
2010 477 2301 555 astruxit,
2354 479 2633 556 monitos,

121 573 221 635 hm
279 571 522 632 demum
565 589 638 632 ea
681 573 950 649 deferre,
1011 591 1196 654 quum
1251 573 1382 652 ipse
1435 573 1725 636 iussisset.
1796 569 2113 636 ²8Interim
2172 575 2451 656 quotiens
2503 576 2635 638 sine

119 665 343 738 bbitris
389 673 548 745 erat,
617 669 898 731 credulas
944 668 1106 749 regis
1149 688 1326 731 aures
1373 669 1689 750 implebat,
1754 670 2137 732 dissimulans
2196 691 2445 733 causam
2488 671 2633 749 irae,

115 739 220 938 Ro
285 763 536 844 gravior
589 764 958 828 criminantis
1027 764 1354 828 auctoritas
1407 773 1585 832 esset.
1678 762 1737 806 ²⁹
1748 769 2043 830 Nondum
2118 774 2437 848 suspectus
2504 775 2635 832 erat

188 863 376 940 sineS‚
427 863 542 924 iam
584 868 782 924 tamen
819 862 1014 924 vilior.
1099 863 1264 924 Reus
1305 862 1463 924 enim
1502 866 1562 926 in
1608 872 1845 926 secreto
1890 864 2179 946 agebatur
2194 913 2209 940 ‚
2250 864 2489 928 latentis
2523 885 2632 946 pe·-

113 947 276 1052 'liculi
325 961 606 1040 ignarus:
663 966 724 1020 et
767 959 1342 1039 importunissimum
1393 968 1691 1038 scortum,
1750 981 1828 1022 ne
1882 961 1941 1022 in
2000 967 2215 1039 stupro
2251 962 2511 1042 quidem
2570 969 2633 1024 et

111 1053 422 1138 kdecoris
464 1056 752 1136 patientia
785 1057 1014 1118 fraudis
1055 1055 1330 1132 oblitum,
1374 1059 1653 1139 quotiens
1691 1077 1955 1121 amorem
1996 1057 2161 1136 regis
2204 1057 2266 1118 in
2308 1077 2377 1119 se
2416 1077 2627 1120 accen·

109 1151 288 1229 flerat,
327 1152 610 1215 Orsinem
653 1153 836 1216 modo
879 1153 1183 1228 avaritiae,
1221 1154 1523 1216 interdum
1560 1154 1737 1216 etiam
1778 1153 2151 1230 defectionis,
2194 1155 2500 1235 arguebat.

271 1251 349 1312 V.
441 1244 640 1310 ³⁰1am
677 1257 912 1312 matura
953 1256 1124 1312 erant
1167 1250 1228 1312 in
1269 1250 1601 1330 perniciem
1638 1250 1976 1312 innocentis
2036 1251 2375 1327 mendacia,
2430 1260 2493 1315 et
2540 1255 2631 1316 fa-

105 1355 246 1422 rum,
291 1347 464 1410 cuius
507 1347 864 1408 inevitabilis
903 1365 1040 1408 sors
1085 1352 1193 1424 est,
1240 1349 1581 1428 appetebat.
1667 1337 1857 1408 Forte
1894 1348 2055 1408 enim
2090 1347 2439 1427 sepulerum
2478 1350 2629 1430 Cyri

103 1441 449 1504 Alexander
491 1444 666 1506 iussit
709 1444 959 1524 aperiri,
1013 1444 1074 1505 in
1115 1463 1240 1525 quo
1287 1452 1418 1507 erat
1461 1444 1771 1506 conditum
1830 1444 1963 1506 eius
2018 1465 2272 1525 corpus,
2328 1447 2431 1508 oui
2482 1448 2629 1510 dare

103 1540 344 1602 volebat
383 1541 645 1604 inferias,
724 1537 960 1602 31ΑιιιὌ
1007 1548 1380 1623 argentoque
1434 1540 1733 1620 repletum
1790 1559 1925 1602 esse
1974 1542 2342 1619 crediderat,
2400 1543 2628 1625 qnippe

101 1637 178 1698 ita
221 1639 378 1698 fama
418 1639 638 1699 Persae
681 1638 1106 1718 vulgaverant3
1155 1639 1264 1702 sed
1301 1644 1543 1718 praeter
1586 1637 1849 1717 clipeum
1890 1637 2023 1699 eius
2064 1647 2303 1719 putrem
2342 1646 2405 1701 et
2449 1661 2628 1709 arcus

99 1735 260 1797 duos
309 1735 616 1816 scythicos
653 1740 714 1794 et
752 1734 1055 1796 acinacem
1092 1735 1242 1796 nihil
1284 1734 1573 1815 repperit.
1643 1728 1699 1772 ³²
1718 1733 2001 1794 Ceterum
2036 1755 2269 1798 corona
2296 1754 2479 1798 aurea
2518 1738 2629 1798 im-

95 1832 300 1910 posita
343 1830 632 1907 amiculo,
673 1831 771 1893 cui
813 1837 1084 1894 assuerat
1127 1832 1286 1914 ipse,
1326 1830 1578 1906 solium,
1623 1828 1683 1888 in
1723 1848 1843 1910 quo
1890 1847 2117 1910 corpus
2162 1830 2422 1906 iacebat,
2466 1832 2629 1895 vela-

95 1927 202 2003 vit,
243 1929 506 2005 miratuS,
551 1928 697 1990 tanti
739 1928 998 1993 nominis
1042 1949 1268 2009 regem,
1309 1927 1486 1990 tantis
1529 1926 1864 2006 praeditum
1912 1927 2167 2006 opibus,
2207 1928 2363 1988 haud
2401 1931 2628 2008 pretio-

93 2025 228 2086 sius
251 2025 551 2105 sepultum
577 2045 729 2101 esse,
769 2045 948 2108 quam
975 2025 1026 2086 si
1051 2026 1266 2088 fuisset
1287 2043 1322 2085 e
1349 2023 1549 2103 plebe.
1616 2018 2009 2084 ³³Proximus
2042 2029 2171 2085 erat
2200 2023 2375 2085 lateri
2413 2027 2627 2106 spado,

95 2121 206 2202 qui
253 2141 457 2202 regem
501 2122 767 2198 intuenS,
819 2121 990 2192 Quid
1025 2123 1286 2198 mit-mn,
1340 2121 1556 2202 inquit,
1612 2128 1731 2196 est,
1774 2121 1999 2180 zham'a
2041 2122 2323 2200 sepulcra
2367 2115 2489 2184 esse
2528 2145 2625 2184 re-

89 2238 248 2296 gum
266 2268 282 2294 ‚
339 2239 528 2298 quum
568 2227 970 2299 satraparum
1015 2219 1228 2280 domus
1261 2237 1495 2278 aurum
1546 2217 1693 2280 inde
1728 2225 1996 2297 egestum
2052 2237 2268 2297 capere
2311 2237 2441 2279 non
2482 2207 2626 2300 pos-'-

89 2317 225 2375 sint
243 2318 278 2377 Ρ
337 2309 395 2354 34
414 2316 592 2385 Quod
630 2316 720 2376 ad
749 2332 847 2374 me
879 2317 1134 2390 attinet,
1187 2315 1314 2394 ipse
1354 2313 1466 2374 hoc
1514 2312 1759 2375 bustum
1796 2321 1945 2375 ante
1986 2335 2114 2376 non
2150 2315 2425 2376 videram
2440 2339 2463 2376 .·
2522 2318 2631 2380 sed

91 2433 176 2472 ea·
207 2414 410 2474 Dareo
427 2415 522 2473 ita
545 2413 769 2492 accepi,
811 2414 940 2474 tria
963 2412 1142 2474 milia
1167 2412 1470 2472 talentum
1510 2411 1761 2474 condita
1798 2431 1918 2472 esse
1954 2433 2094 2474 cum
2143 2411 2319 2493 Cym.
2387 2409 2625 2476 ³⁵Hinc

89 2511 214 2570 illa
261 2507 607 2589 benignitas
647 2511 714 2568 in
769 2515 841 2583 te,
881 2516 984 2584 ut,
1023 2509 1189 2588 quod
1225 2510 1481 2587 impune
1509 2506 1726 2568 habere
1762 2528 1891 2570 non
1919 2517 2176 2588 poterat
2215 2510 2481 2586 Orsines,
2522 2513 2626 2573 do-

88 2607 309 2667 nando
329 2608 514 2666 etiam
531 2608 812 2687 gratiam
839 2608 1043 2668 iniret.
1119 2600 1615 2666 33Concitaverat
1652 2603 1769 2666 iam
1805 2604 2066 2666 animum
2109 2604 2170 2664 in
2214 2605 2394 2667 iram:
2440 2629 2624 2691 quum

85 2704 176 2779 hi,
215 2704 432 2785 quibus
472 2703 774 2783 negotium
819 2704 976 2764 idem
1020 2704 1284 2778 dederat,
1329 2701 1781 2781 superveniunt.
1866 2702 2021 2763 Hinc
2062 2704 2318 2781 Bagoae,
2364 2704 2503 2766 hinc
2544 2707 2623 2768 ab

86 2820 174 2862 eo
218 2800 531 2862 subornati
569 2799 736 2861 falsis
779 2799 1128 2861 criminibus
1163 2806 1468 2879 occupant
1506 2818 1699 2860 aures.
1754 2795 1825 2885 *³⁷
1844 2798 2185 2879 Antequam
2238 2802 2512 2862 accusari
2555 2823 2623 2865 se

83 2896 503 2975 suspicaretur
547 2896 832 2974 Orsines,
888 2896 948 2956 in
993 2895 1234 2960 vincula
1271 2901 1362 2959 est
1410 2896 1681 2961 traditus.
1764 2895 1909 2957 Non
1954 2901 2272 2957 contentus
2320 2898 2623 2977 supplicio

82 2993 352 3055 insontis
415 2993 605 3072 spado
669 2994 802 3076 ipse
857 2994 1152 3055 morituro
1199 3012 1440 3055 manum
1498 2992 1716 3053 iniecit.
1804 2996 2002 3073 Quem
2053 2992 2305 3055 Orsines
2368 2994 2621 3073 intutam,

82 3090 434 3153 Audieram
453 3138 468 3165 ‚
509 3090 730 3171 inquit,
767 3091 838 3151 in
879 3091 1032 3151 Asia
1061 3090 1208 3151 olim
1252 3110 1541 3169 regnasse
1560 3088 1895 3170 feminas„
1916 3088 2030 3149 hoc
2071 3108 2217 3149 vero
2251 3109 2481 3153 novum
2516 3100 2623 3171 eet,

81 3206 361 3265 regnare
398 3194 736 3247 castratum
755 3190 782 3247 Ι
859 3181 1048 3247 3⁸Hic
1091 3186 1207 3247 suit
1247 3178 1439 3250 exitus
1483 3184 1844 3247 nobilissimi
1883 3186 2219 3263 Persarum,
2264 3206 2377 3249 nec
2420 3187 2624 3251 inson-

82 3284 174 3343 tis
215 3282 416 3358 modo,
457 3283 565 3345 sed
607 3283 857 3347 eximiae
895 3293 1138 3366 quoque
1173 3283 1555 3365 benignitatis
1598 3284 1659 3345 in
1701 3302 1923 3363 regem.
1999 3276 2056 3319 ³⁹
2072 3281 2304 3359 Eodem
2348 3292 2623 3366 tempore

81 3379 440 3455 PhradateS,
485 3399 738 3458 regnum
783 3381 1090 3442 affectasse
1131 3388 1484 3461 suspectuS,
1528 3380 1841 3443 occiditur.
1928 3381 2231 3458 Coeperat
2273 3401 2409 3443 esse
2448 3404 2623 3462 prae-

82 3495 244 3555 ceps
288 3477 363 3536 ad
407 3478 911 3555 repraesentanda
961 3474 1276 3557 supplicia,
1324 3476 1463 3537 item
1510 3476 1586 3536 ad
1632 3475 1935 3537 deteriora
1980 3476 2297 3536 credenda.
2366 3472 2623 3539 4080ϋί-

81 3617 261 3665 tiam
314 3614 450 3666 solus
498 3617 608 3683 ipse
660 3632 980 3667 exercere
1024 3617 1095 3665 iu
1142 3614 1374 3665 socios
1421 3622 1618 3664 vestros
1668 3614 1795 3663 satis
1845 3613 2069 3663 baberet.
2148 3615 2293 3665 Auel}
2350 3619 2447 3666 mit
2494 3618 2618 3668 dem

81 3684 261 3735 Ablat.
299 3699 342 3734 z.
382 3686 439 3735 Β.
479 3686 588 3735 Liv.
629 3683 678 3745 6,
719 3682 801 3745 22,
840 3682 904 3735 4:
936 3684 1084 3749 foede
1124 3684 1195 3732 in
1234 3682 1463 3750 captis
1514 3697 1885 3731 exercuere
1929 3681 2328 3731 victoriam.
2382 3680 2434 3742 7,
2467 3682 2514 3747 4,
2554 3684 2619 3736 3:

81 3752 441 3818 (saevitiam),
496 3768 687 3819 quam
736 3768 838 3801 non
885 3753 1048 3818 magis
1089 3750 1145 3800 iu
1179 3751 1381 3811 alienis,
1427 3766 1579 3817 quam
1611 3750 1667 3799 in
1698 3750 1949 3816 proximis
1987 3765 2055 3798 ae
2094 3750 2341 3814 sanquine
2372 3750 2481 3817 ipse
2528 3768 2621 3802 suo

81 3828 461 3872 exerceret.
500 3848 563 3856 —-
607 3820 686 3883 10,
723 3819 774 3881 4,
809 3818 893 3871 ¹29.
932 3820 1005 3870 In
1038 3827 1324 3869 secreto.
1387 3821 1436 3869 S.
1477 3832 1541 3868 zu
1579 3816 1631 3878 7,
1668 3816 1722 3878 2,
1763 3816 1841 3868 13.

232 3909 314 3972 10,
348 3910 396 3974 5,
429 3909 514 3961 30.
559 3910 963 3979 Sepulcrum
1008 3910 1182 3977 Cyri.
1247 3912 1367 3961 Man
1404 3910 1544 3960 kann
1586 3910 1747 3966 kaurn
1784 3908 2038 3971 zweiseln‚
2076 3910 2201 3959 dass
2236 3908 2413 3960 dieses
2438 3910 2620 3961 Grab-

81 3980 234 4031 mahl
269 3982 366 4030 mit
403 3980 526 4031 dem
562 3980 636 4029 im
669 3981 828 4031 Thale
865 3994 968 4029 von
1011 3979 1267 4043 Murghab
1300 3978 1577 4040 liegenden
1613 3979 1743 4037 Bau,
1781 3978 2015 4033 welcher
2055 3981 2215 4033 unter
2254 3978 2377 4027 dem
2416 3978 2619 4029 Namen

81 4048 312 4099 Meshed
345 4041 945 4099 Madre'-i-Suleiman
987 4046 1225 4097 bekannt
1279 4048 1364 4108 ist,
1413 4045 1675 4096 identisch
1716 4046 1823 4100 und
1862 4047 1917 4095 in
1961 4046 2109 4099 einer
2154 4046 2334 4095 Weise
2381 4047 2618 4097 erhalten

81 4118 188 4177 sei,
235 4116 361 4166 dass
389 4130 513 4165 man
551 4116 668 4165 sich
702 4117 802 4166 mit
837 4116 1140 4179 Zuziehung
1189 4115 1288 4165 der
1323 4116 1539 4165 antiken
1574 4113 1927 4171 Nachrichten
1965 4115 2051 4164 ein
2090 4114 2331 4165 ziemlich
2368 4118 2620 4178 getreues

81 4184 205 4235 Bild
242 4184 340 4234 des
379 4184 593 4235 Ganzen
628 4184 920 4235 entwersen
957 4184 1116 4233 kann.

231 4273 316 4334 10,
347 4272 395 4336 5,
433 4270 516 4325 36.
595 4273 954 4341 Occupaue
990 4288 1209 4323 aures.
1255 4275 1308 4323 S.
1344 4274 1454 4323 Liv.
1488 4268 1573 4335 45,
1611 4270 1690 4334 19,
1728 4271 1793 4324 9τ·
1824 4270 1911 4322 ad
1948 4278 2322 4338 occupatas
2352 4270 2459 4321 iam
2495 4287 2619 4321 au-

81 4357 194 4392 res
238 4357 391 4407 quum
423 4341 656 4393 venisset.
699 4369 755 4379 —-
798 4341 876 4404 10,
899 4341 949 4405 5,
974 4340 1058 4392 39.
1097 4341 1480 4407 Suspectus.
1519 4342 1569 4390 S.
1598 4338 1649 4401 9,
1676 4336 1761 4401 41,
1786 4337 1883 4393 210·
1922 4346 2273 4405 suspectus
2308 4354 2391 4389 res
2428 4354 2621 4389 novare

81 4408 418 4461 voluisse.
443 4436 500 4447 -·
527 4424 866 4488 praeceps
901 4409 1079 4460 acl—.
1109 4411 1286 4461 S.Liv.
1309 4406 1393 4463 23.
1420 4404 1470 4471 7,
1497 4405 1590 4457 12:
1622 4423 1954 4475 praeceps
1985 4406 2185 4473 §noyento
2227 4406 2293 4456 iu
2330 4406 2466 4456 &am
2488 4414 2616 4457 erat.

83 4506 148 4515 --
196 4478 372 4527 item.
411 4479 492 4529 F.:
523 4477 673 4529 dem.
705 4479 860 4528 Hand
897 4478 1118 4529 Turseli.
1156 4474 1206 4537 3,
1241 4491 1291 4539 p.
1325 4472 1444 4537 516,
1484 4472 1520 4525 9
1557 4475 1829 4527 bomar-kt:
1878 4474 1951 4525 ad
1986 4474 2320 4538 conferendas
2356 4480 2453 4525 aue
2490 4490 2617 4535 euu-

81 4545 364 4596 merandas
407 4561 491 4596 res
531 4544 772 4611 aequales
807 4544 986 4595 Latini
1033 4543 1272 4595 adhibent
1324 4541 1577 4607 formulas
1630 4550 1694 4593 et
1740 4542 1929 4604 item,
1977 4542 2267 4608 itemque
2312 4540 2395 4591 vel
2444 4541 2619 4592 dicuat

81 4615 250 4664 item
300 4613 409 4663 siue
445 4612 651 4680 copula.
733 4612 960 4664 Granio&
997 4618 1049 4661 et
1083 4610 1378 4661 distinctior
1413 4617 1489 4660 ese
1532 4611 1625 4674 vis,
1672 4626 1829 4676 quam
1870 4610 1929 4659 in
1970 4617 2188 4676 atque.
2263 4610 2385 4661 Man
2419 4611 2621 4661 konntc

82 4683 214 4733 dem
252 4682 449 4745 Begriff
481 4682 652 4731 nach:
689 4681 1138 4745 glaebas-massan
1173 4679 1526 4743 vergleichen,
1566 4692 1671 4730 nur
1701 4679 1774 4731 ist
1808 4679 1987 4731 dieses
2024 4680 2123 4731 der
2160 4679 2314 4731 Form
2352 4678 2463 4731 und
2495 4680 2619 4733 dem

83 4749 380 4802 Gebraueb
416 4749 556 4801 nach
595 4750 722 4801 weit
761 4748 1187 4811 schwert'tiuiger.
