2975 5350
316 347 446 412 252
1254 344 1337 425 Q·
1374 343 1660 406 cun'ru
1695 343 1892 407 aum

316 523 483 584 litem
522 515 807 594 condidit,
849 513 1061 595 paucis
1101 513 1583 594 propellentibus
1623 533 1878 593 pecora,
1923 520 1994 574 ut
2029 511 2436 593 improvidum
2475 514 2556 573 ad
2609 513 2858 575 insidias

318 617 545 700 praeda
593 615 985 694 perduceret.-
1070 606 1321 694 ⁵1taque
1374 608 1782 688 incomposito
1835 610 2070 690 agmine
2123 609 2459 690 solutisque
2535 610 2863 672 ordinibus

318 715 553 778 Attinas
586 709 1055 794 praedabundus
1090 707 1485 790 sequebatur3
1541 725 1718 787 quem
1771 713 2286 786 praetergressum
2341 705 2556 766 silvam
2569 756 2588 782 ,
2651 707 2760 788 qui
2805 708 2864 766 in

318 832 393 874 ea
428 809 846 882 consederant,
890 825 965 866 ex
1004 804 1339 885 improviso
1382 803 1607 878 adorti,
1647 819 1787 864 cum
1831 803 2114 866 omnibus
2157 803 2610 864 interemerunt.
2703 798 2733 841 ⁶
2751 806 2865 865 Ce-

318 909 525 971 leriter
560 906 638 967 ad
680 906 995 966 Craterum
1039 900 1218 962 huius
1260 900 1449 964 cladis
1493 901 1652 962 fama
1693 892 1924 979 perlata
1967 905 2094 975 est;
2141 899 2245 981 qui
2289 919 2425 961 cum
2475 901 2654 960 omni
2695 902 2866 982 equi-

320 1012 447 1068 tatu
489 1001 864 1083 supervenit:
914 1006 975 1060 et
1018 997 1389 1078 Massagetae
1432 997 1672 1078 quidem
1717 998 1832 1058 iam
1871 998 2235 1077 refugerant,
2275 997 2486 1057 Dahae
2532 997 2704 1058 mille
2745 1018 2864 1078 op-

320 1102 517 1184 pressi
556 1105 729 1162 sunt:
769 1116 1029 1181 quorum
1068 1094 1241 1157 clade
1282 1095 1469 1157 totius
1510 1094 1776 1174 regionis
1819 1095 1987 1156 finita
2031 1095 2292 1156 defectio
2351 1101 2462 1156 est.
2547 1092 2579 1132 ⁷
2597 1094 2862 1156 Alexan—

322 1201 433 1262 der
468 1215 711 1280 quoque
726 1243 743 1271 ,
782 1193 1103 1273 Sogdianis
1146 1209 1357 1254 rursus
1398 1192 1666 1254 subactis
1681 1241 1698 1268 ,
1747 1191 2112 1252 Maracanda
2154 1191 2390 1270 repetit.
2471 1191 2565 1251 lbi
2605 1192 2864 1268 BerdeS,

225 1363 239 1372 ,
320 1315 499 1378 quem
534 1293 615 1354 ad
656 1292 915 1370 Scythas
954 1309 1141 1367 super
1176 1291 1527 1368 Bosporum
1572 1289 1842 1351 colentes
1881 1288 2154 1362 miserat,
2215 1307 2354 1348 cum
2395 1287 2622 1366 legatis
2667 1289 2864 1367 gentis

321 1390 607 1454 occurrit.
698 1381 1221 1464 8Phrataphernes
1262 1406 1539 1468 quoque,
1598 1386 1704 1466 qui
1739 1385 2108 1446 Chorasmiis
2145 1391 2453 1464 praeerat,
2495 1385 2864 1464 Massagetis

322 1495 383 1552 et
420 1486 608 1548 Dahis
646 1483 961 1563 regionum
1000 1482 1265 1544 confinio
1306 1483 1630 1546 adiunctus
1647 1530 1665 1559 ,
1721 1481 1996 1560 miserat,
2057 1481 2163 1562 qui
2205 1482 2510 1542 facturum
2561 1482 2866 1561 imperata

318 1584 771 1666 pollicerentur.
863 1574 893 1618 ⁹
910 1579 1174 1656 Scythae
1211 1579 1526 1657 petebant,
1589 1585 1658 1641 ut
1692 1577 1853 1658 regis
1903 1578 1999 1639 sui
2047 1577 2234 1638 filiam
2289 1579 2690 1640 matrimonio
2747 1578 2864 1639 sibi

320 1683 618 1760 iungeret:
658 1677 713 1738 si
754 1675 1183 1754 dedignaretur
1212 1676 1584 1751 affinitatem,
1625 1675 1933 1755 principes
1977 1675 2379 1736 Macedonum
2422 1695 2566 1737 cum
2629 1675 2864 1755 primo-

320 1779 489 1840 ribus
512 1795 659 1840 suae
698 1773 892 1854 gentis
930 1771 1236 1835 connubio
1276 1771 1445 1833 coire
1480 1777 1816 1852 pateretur:
1867 1772 2066 1852 ipsum
2107 1791 2348 1852 quoque
2390 1791 2606 1851 regem
2653 1778 2862 1833 ventu-

320 1895 455 1938 rum
488 1875 567 1938 ad
606 1892 745 1934 eum
784 1869 1245 1951 pollicebantur.
1306 1863 1359 1907 ¹⁰
1372 1869 1634 1950 Utraque
1673 1867 1976 1948 legatione
2015 1869 2272 1948 benigne
2313 1868 2539 1945 audita,
2581 1871 2862 1950 Hephae-

320 1974 579 2035 stionem
618 1977 681 2032 et
700 1965 1065 2030 Artabazum
1114 1966 1456 2046 opperiens,
1503 1965 1716 2028 stativa
1753 1964 1986 2026 habuit:
2029 1965 2249 2046 quibus
2289 1965 2616 2040 adiunctis,
2663 1968 2730 2026 in
2773 1988 2863 2027 re-

320 2069 584 2150 gionem,
628 2049 781 2148 quae
824 2062 1165 2142 appellatur
1200 2061 1469 2137 Bazaira,
1515 2063 1806 2142 pervenit.

484 2165 555 2227 11.
636 2159 681 2204 ¹¹
697 2161 999 2224 Barbarae
1046 2157 1391 2237 opulentiae
1430 2158 1494 2218 in
1531 2157 1650 2221 illis
1683 2158 1840 2220 locis
1882 2158 2042 2219 haud
2077 2157 2202 2218 ulla
2243 2165 2382 2222 sunt
2425 2161 2671 2222 maiora
2713 2161 2861 2220 indi-

318 2263 413 2324 cia
430 2309 447 2338 ,
492 2281 671 2343 quam
704 2257 934 2336 magnis
972 2253 1321 2316 nemoribus
1366 2254 1736 2343 saltibusque
1777 2253 2071 2316 nobilium
2108 2255 2372 2316 ferarum
2411 2277 2640 2337 greges
2689 2259 2855 2319 clusi.

316 2355 369 2398 ¹2
390 2357 707 2436 Spatiosas
732 2354 811 2416 ad
848 2354 969 2412 hoc
1008 2351 1235 2430 eligunt
1275 2350 1484 2426 silvas,
1545 2352 1772 2414 crebris
1815 2351 2174 2432 perennium
2225 2371 2520 2434 aquarum
2581 2355 2856 2416 fontibus
2949 2377 2951 2442 ᾗ

319 2470 633 2522 amoenas;
688 2448 876 2510 muris
918 2465 1169 2508 nemora
1226 2446 1551 2526 cinguntur
1568 2496 1583 2523 ,
1643 2455 1960 2530 turresque
2003 2448 2224 2510 habent
2279 2451 2634 2512 venantium
2695 2472 2856 2513 rece·
2950 2467 2951 2480 ¹

319 2547 579 2629 ptacula.
632 2541 683 2586 ¹³
702 2547 1008 2622 Quattuor
1050 2543 1351 2606 continuis
1378 2545 1670 2607 aetatibus
1691 2546 1979 2608 intactum
2016 2545 2234 2608 saltum
2266 2545 2454 2608 fuisse
2499 2550 2850 2620 constabat3

320 2665 499 2727 quem
539 2643 882 2707 Alexander
922 2661 1063 2703 cum
1105 2646 1235 2703 toto
1280 2642 1546 2705 exercitu
1590 2644 1914 2724 ingressuS,
1958 2642 2168 2723 agitari
2210 2642 2476 2724 undique
2523 2645 2698 2707 feras
2742 2646 2850 2707 ius-

318 2744 413 2807 sit.
480 2737 707 2805 1⁴1nter
748 2760 897 2823 quas
936 2760 1117 2822 quum
1154 2739 1257 2803 leo
1304 2742 1730 2821 magnitudinis
1787 2759 1959 2801 rarae
2009 2740 2206 2819 ipsum
2267 2758 2472 2820 regem
2529 2742 2850 2805 invasurus

320 2828 687 2917 incurreret,
730 2840 887 2902 forte
924 2838 1342 2917 LysimachuS‚
1384 2840 1489 2920 qui
1527 2846 1740 2918 postea
1777 2837 2079 2916 regnavit,
2123 2836 2434 2915 proximus
2475 2839 2849 2913 Alexandro,

318 2939 677 3002 venabulum
722 2936 991 2999 obiicere
1044 2938 1209 2999 ferae
1266 2940 1570 3016 coeperat.
1651 2940 1792 3015 Quo
1835 2952 1946 2995 rex
1999 2934 2250 3012 repulso
2311 2938 2372 2995 et
2431 2934 2604 2997 abire
2667 2937 2848 3011 iusso,

322 3035 572 3111 adiecit,
632 3042 753 3096 tam
794 3053 831 3093 a
874 3040 1065 3095 semet
1102 3054 1257 3111 uno,
1302 3052 1480 3114 quam
1529 3052 1564 3092 a
1616 3032 1974 3111 Lysimacho
2031 3030 2272 3091 leonem
2327 3032 2589 3094 interfici
2647 3054 2844 3113 posse.
2948 3018 2949 3041 ³

318 3128 365 3170 ¹⁵
388 3131 779 3211 Lysimachus
806 3130 961 3189 enim
1004 3132 1308 3211 quondam
1348 3149 1534 3210 quum
1573 3136 1896 3191 venaretur
1921 3128 1982 3189 in
2009 3128 2202 3207 Syria,
2249 3128 2564 3191 occiderat
2607 3131 2848 3211 quidem

318 3227 567 3287 eximiae
610 3225 1028 3306 magnitudinis
1066 3227 1251 3284 feram
1294 3224 1496 3297 solus,
1536 3224 1645 3284 sed
1687 3224 1864 3286 laevo
1907 3227 2157 3286 humero
2202 3244 2394 3307 usque
2435 3226 2514 3285 ad
2563 3244 2713 3288 ossa
2765 3228 2844 3287 la-

318 3328 558 3384 ceratus
594 3320 671 3381 ad
714 3319 985 3380 ultimum
1024 3318 1281 3399 periculi
1325 3326 1700 3400 pervenerat.
1775 3316 1907 3385 1⁸1d
1958 3322 2156 3402 ipsum
2195 3321 2578 3401 exprobrans
2623 3325 2682 3384 ei
2727 3344 2844 3399 rex,

453 3527 503 3593 8,
540 3529 585 3592 1,
621 3526 669 3580 6.
746 3528 985 3581 Finita
1021 3528 1313 3594 defectio
1351 3545 1410 3578 es
1429 3536 1460 3579 t.
1524 3530 1608 3580 F.:
1653 3528 1805 3597 finita
1838 3528 2072 3594 defectio.
2143 3532 2239 3581 Die
2281 3532 2517 3596 Stellung
2557 3534 2662 3584 des
2705 3534 2842 3584 Sub-

318 3600 549 3649 stantivs
574 3598 841 3649 zwischeu
878 3598 1111 3661 Particip
1154 3599 1263 3648 und
1302 3598 1506 3661 Copula
1534 3600 1606 3649 ist
1643 3612 1748 3647 von
1786 3598 1980 3649 hochst
2016 3600 2470 3649 bezeichnendem
2506 3600 2842 3652 Nachdruck.

318 3668 389 3717 So
430 3664 745 3727 besonders,
775 3680 935 3717 wenn
974 3666 1070 3719 das
1110 3665 1383 3717 Substant’.
1416 3667 1504 3717 eiu
1541 3665 1942 3729 mehrsylbiges,
1996 3668 2301 3730 vorzuglich
2351 3669 2434 3717 ein
2490 3668 2846 3733 viersylbiges

318 3734 417 3783 mit
454 3734 835 3799 daktylischem
873 3735 977 3785 Fan
1003 3736 1107 3799 ἱεῖς
1147 3748 1189 3785 z.
1231 3734 1284 3783 B.
1322 3730 1371 3793 3,
1408 3731 1491 3795 21,
1528 3730 1624 3783 2οτ
1677 3748 1828 3799 quum
1860 3731 2028 3783 ultimi
2067 3732 2375 3783 discriminis
2415 3742 2512 3783 tem
2551 3752 2614 3784 us
2652 3736 2844 3787 adver·-

319 3808 415 3864 tat,
464 3802 520 3851 in
552 3800 963 3865 ,sollicitudinem
1012 3817 1211 3851 versa
1255 3800 1530 3865 fiducia
1564 3809 1680 3853 est.
1735 3797 1781 3863 4,
1819 3798 1901 3862 38,
1946 3800 2026 3855 19.
2069 3798 2118 3862 8,
2152 3798 2203 3861 4,
2241 3799 2323 3852 31.
2379 3800 2425 3863 5,
2464 3799 2498 3852 3
2537 3844 2550 3863 ,
2591 3803 2640 3854 7.
2712 3806 2848 3855 Aber

318 3871 453 3921 auch
484 3872 537 3921 in
576 3873 781 3923 andern
822 3872 1007 3933 Pallen,
1042 3873 1142 3921 wie
1176 3867 1229 3931 4,
1264 3866 1349 3933 44,
1380 3868 1470 3920 21ε
1520 3869 1577 3918 id
1605 3883 1844 3935 quemque
1871 3867 2176 3931 habiturum,
2259 3869 2364 3921 uod
2433 3872 2680 3922 roa-imae
2723 3873 2844 3923 lacis

318 3939 778 4007 assignatur-a
806 3940 1092 4003 fortuna
1124 3955 1183 3988 es
1203 3945 1234 3987 t.
1277 3934 1325 3999 7,
1356 3936 1405 4001 9,
1441 3936 1523 3989 29.
1565 3935 1617 3999 8,
1654 3933 1732 4001 16,
1768 3933 1853 3987 24.
1888 3934 1939 3995 8.
1976 3935 2060 3999 19,
2096 3934 2174 3987 17.
2248 3978 2258 3999 ,
2295 3936 2348 3997 5,
2419 3936 2468 3987 7.

452 4028 501 4093 8,
540 4029 587 4091 1,
626 4028 673 4080 7.
746 4029 1013 4079 Berdes.
1079 4031 1127 4079 S.
1158 4043 1225 4079 zu
1266 4026 1317 4089 7,
1354 4025 1436 4091 26,
1475 4025 1557 4079 12.
1620 4055 1675 4063 -
1728 4043 1942 4094 super.
2006 4031 2053 4078 S.
2095 4043 2162 4079 zu
2200 4024 2331 4091 6,6,
2373 4026 2452 4079 13.
2495 4058 2562 4065 -
2623 4029 2679 4091 8,
2729 4032 2773 4095 1,
2803 4030 2845 4082 8.

322 4096 765 4147 Chorasmiis.
830 4096 1101 4147 Vielleicht
1132 4096 1251 4147 sind
1280 4111 1339 4146 es
1372 4098 1457 4147 die
1480 4095 1778 4146 Bewohner
1798 4108 1906 4144 von
1931 4097 2110 4145 Kniva.
2136 4124 2199 4133 -
2239 4093 2289 4159 8,
2314 4096 2365 4158 1,
2389 4095 2467 4147 10.
2508 4096 2846 4151 Bazaira.
2944 4130 2945 4133 =

316 4166 400 4214 F..·
438 4163 685 4221 Bazaria.
714 4166 954 4215 Andere:
992 4162 1224 4212 Bosana.
1306 4162 1479 4213 Ueber
1511 4165 1712 4213 Numen
1747 4163 1858 4213 und
1891 4165 2050 4215 Lokal
2083 4165 2216 4215 lasst
2249 4165 2364 4216 sich
2395 4165 2576 4215 nichts
2613 4169 2720 4219 mit
2759 4170 2845 4217 Si·
2944 4196 2945 4199 =

222 4284 231 4291 ,
318 4231 557 4283 cherheit
592 4230 927 4283 bestimmeu.
1002 4231 1147 4281 Doch
1180 4232 1322 4281 kann
1373 4243 1499 4281 man
1535 4230 1640 4310 den
1679 4232 1774 4282 Ort
1803 4246 1906 4281 nur
1947 4232 2000 4281 in
2048 4232 2145 4283 der
2179 4233 2323 4284 Nahe
2360 4246 2468 4283 von
2508 4234 2846 4285 Samarkand

315 4301 534 4353 suchen.

450 4388 498 4454 8,
534 4388 582 4454 2,
622 4390 698 4441 11.
772 4388 968 4440 σιω.
1004 4390 1087 4440 a:
1126 4386 1304 4439 οιαωε.
1339 4390 1390 4438 s,
1424 4402 1492 4438 zu
1525 4386 1644 4451 5,1,
1670 4387 1732 4440 15
1791 4416 1854 4427 --
1893 4372 2022 4453 ΒΔ,
2051 4387 2129 4441 12.
2170 4388 2439 4451 silvas,
2476 4389 2843 4460 παραδείσους.
2879 4396 2888 4408 =

318 4462 370 4511 S.
410 4461 464 4512 C.
507 4458 553 4520 7,
587 4457 641 4520 8,
682 4456 765 4509 22.
806 4485 865 4495 -
909 4456 963 4518 8,
1001 4455 1052 4519 2,
1092 4453 1174 4508 13.
1209 4454 1601 4519 Aetatibiu,
1635 4459 1740 4508 wie
1775 4454 1830 4518 8,
1866 4456 1955 4519 21,
1989 4456 2054 4509 6:
2087 4464 2205 4525 post
2236 4457 2425 4509 multas
2465 4465 2836 4511 aetates.—

313 4523 368 4587 8,
400 4525 452 4589 2,
492 4526 573 4580 14.
622 4525 1088 4594 Lysimachus.
1140 4527 1189 4576 S.
1232 4521 1315 4585 10,
1352 4521 1434 4586 30,
1465 4519 1514 4574 4.
1555 4552 1620 4561 -
1657 4521 1708 4589 8,
1741 4522 1790 4589 2,
1828 4523 1905 4576 15.
1951 4525 2221 4587 Quidem
2260 4527 2398 4577 nach
2429 4526 2704 4579 occiderat
2741 4542 2840 4577 von

316 4596 367 4644 Ζ.
406 4596 801 4660 eingeschaltet.
871 4596 941 4644 So
980 4591 1029 4655 3,
1066 4590 1149 4655 32,
1188 4589 1275 4642 25.
1309 4589 1359 4655 7,
1395 4590 1476 4654 19,
1513 4588 1598 4643 34.
1631 4590 1685 4653 8,
1725 4590 1808 4655 43,
1855 4593 1933 4646 18.
1972 4592 2025 4655 7,
2063 4592 2142 4655 17,
2176 4590 2262 4643 22.
2329 4593 2433 4643 Sed
2465 4594 2598 4645 fehlt
2631 4597 2840 4645 zuwei*
2941 4584 2943 4611 ²

316 4662 416 4723 len,
448 4666 552 4715 wie
590 4662 639 4727 8,
682 4665 725 4725 1,
762 4659 809 4725 6,
854 4664 957 4712 wie
996 4662 1073 4713 ost
1108 4662 1197 4711 die
1241 4660 1620 4711 adversativen
1652 4662 1916 4714 Partikeln
1953 4662 2227 4725 sortfallen,
2283 4675 2370 4712 wo
2410 4661 2511 4714 der
2543 4664 2840 4727 Gegensatz

318 4728 416 4777 der
450 4733 737 4783 Godanken
772 4732 851 4781 sie
881 4731 1027 4781 nicht
1060 4730 1249 4780 weiter
1282 4730 1584 4779 vermissen
1617 4729 1762 4781 lasst.
1831 4731 1979 4781 Auch
2031 4729 2314 4796 qiddm—
2332 4736 2506 4780 autem
2541 4731 2685 4781 ohne
2721 4745 2836 4781 we·

220 4838 229 4853 ,
318 4796 607 4848 sentlicben
640 4798 1001 4859 Uuterschied,
1034 4799 1139 4849 wie
1177 4792 1226 4859 4,
1265 4793 1345 4859 18,
1384 4794 1433 4848 9.
1470 4794 1557 4857 10,
1603 4793 1649 4859 1,
1677 4792 1727 4847 8.
