2975 5350
317 383 447 449 246
1266 369 1349 450 o.
1396 365 1680 428 cun‘ru
1725 359 1920 424 num

326 555 516 615 fertur
554 554 814 611 torrens.
898 543 1054 604 Eum
1092 539 1265 620 ripae
1304 536 1367 598 in
1406 541 1654 596 tenuem
1705 531 1944 593 alveum
2009 530 2269 606 eogunt;
2331 519 2556 583 deinde
2611 537 2877 582 caverna

325 646 548 726 accipit
606 652 669 706 et
727 640 842 704 sub
902 646 1123 700 terram
1182 633 1356 715 rapit.
1442 627 1471 673 ³
1484 631 1720 693 Cursus
1777 622 2117 689 absconditi
2173 620 2460 682 indicium
2523 621 2630 679 est
2693 635 2876 696 aquae

326 741 575 806 meantis
617 757 825 816 sonus,
868 755 1057 818 quum
1101 734 1302 813 ipsum
1344 730 1561 804 solum,
1606 725 1722 788 sub
1765 741 1892 806 quo
1933 727 2136 784 tantus
2173 716 2360 778 amnis
2397 715 2571 790 fluit,
2617 734 2711 774 ne
2756 733 2877 773 mo-

329 841 469 902 dico
518 837 760 920 quidem
820 834 1067 896 resudet
1119 830 1391 892 humore.
1480 819 1618 886 ⁴Ex
1677 819 1930 901 captivis
1989 814 2438 894 Sogdianorum
2510 811 2598 872 ad
2677 829 2880 888 regem

329 937 535 1000 XXX
574 931 961 1006 nobilissimi,
1008 945 1339 1006 corporum
1374 922 1602 984 robore
1635 917 1885 993 eximio,
1926 909 2204 994 perducti
2243 913 2444 970 erant:
2499 904 2618 988 qui
2657 911 2740 966 ut
2777 925 2880 984 per

332 1034 721 1113 interpretem
755 1031 1191 1108 cognoverunt,
1235 1023 1405 1084 iussu
1442 1017 1604 1096 regis
1649 1015 1818 1094 ipsos
1861 1011 1936 1075 ad
1973 1007 2338 1088 supplicium
2379 1004 2547 1066 trahi
2564 1051 2582 1080 ,
2639 1021 2882 1064 carmen

332 1129 678 1192 laetantium
698 1124 885 1186 modo
909 1139 1145 1198 canere,
1188 1114 1590 1199 tripudiisque
1623 1118 1686 1173 et
1707 1105 2016 1173 lasciviori
2057 1101 2336 1182 corporis
2373 1105 2556 1162 motu
2597 1099 2882 1179 gaudium

336 1225 637 1308 quoddam
677 1221 857 1284 animi
886 1224 1189 1280 ostentare
1230 1217 1580 1294 coeperunt.
1668 1203 2052 1290 ⁵Ad1niratus
2093 1219 2220 1276 rex,
2257 1205 2422 1260 tanta
2460 1196 2881 1276 magnitudine

336 1319 517 1383 animi
544 1323 835 1398 oppetere
868 1322 1144 1386 mortem,
1184 1308 1460 1372 revocari
1484 1325 1594 1370 eos
1639 1304 1829 1378 iussit,
1871 1317 2114 1362 causam
2159 1303 2282 1358 tam
2321 1296 2560 1357 effusae
2604 1293 2879 1366 laetitiae,

336 1437 520 1498 quum
562 1411 925 1493 supplicium
960 1417 1097 1473 ante
1144 1407 1359 1471 oculos
1406 1405 1711 1478 haberent,
1757 1397 2090 1480 requirens
2183 1389 2335 1470 Ulli,
2380 1393 2437 1454 si
2483 1393 2568 1452 ab
2617 1390 2750 1452 alio
2791 1410 2879 1450 oc-

337 1513 696 1586 ciderentur,
754 1509 957 1570 tristes
1002 1505 1332 1568 morituros
1375 1501 1564 1563 fuisse
1610 1497 2010 1579 respondent3
2069 1510 2234 1552 nunc
2277 1511 2314 1550 a
2361 1495 2542 1550 tanto
2595 1507 2769 1567 rege,
2811 1487 2880 1546 vi-

338 1614 509 1670 ctore
534 1605 800 1668 omnium
843 1605 1126 1683 gentium,
1158 1599 1487 1662 maioribus
1529 1597 1654 1658 suis
1695 1593 1984 1665 redditos,
2024 1589 2338 1649 honestam
2380 1591 2680 1661 mortem,
2719 1603 2881 1664 quam
2946 1641 2948 1646 .

338 1706 530 1766 fortes
564 1702 681 1764 viri
714 1708 863 1764 voto
906 1717 1151 1782 quoque
1176 1701 1546 1776 expeterent,
1579 1689 1942 1754 carminibus
1983 1685 2078 1746 sui
2109 1685 2296 1746 moris
2331 1683 2706 1762 laetitiaque
2743 1681 2881 1741 cele-

340 1803 539 1864 brare.
644 1797 841 1860 ⁷Tum
882 1816 1008 1875 rex,
1053 1797 1293 1867 Quaero
1328 1795 1555 1871 itaque,
1614 1809 1702 1850 an
1741 1788 1944 1848 m'vere
1993 1782 2195 1842 velitis
2245 1799 2376 1840 non
2416 1779 2690 1838 inimici
2725 1777 2879 1849 mihi,

343 1900 521 1959 ouius
562 1893 849 1977 beneficio
890 1895 1127 1956 victuri
1158 1893 1299 1952 estis
1316 1895 1351 1952 ,Ρ
1412 1883 1552 1949 8Illi
1595 1901 1897 1965 nunquam
1943 1887 2020 1942 se·
2041 1875 2320 1938 inimicos
2347 1874 2512 1936 hosti
2563 1874 2766 1935 fuisse
2801 1891 2879 1932 re-

344 1994 661 2074 spondent.
745 1993 813 2057 Si
856 1993 990 2076 quis
1034 1992 1202 2071 ipsos
1236 1986 1555 2062 beneficio,
1602 2001 1780 2064 quam
1821 1977 2036 2040 iniuria
2078 1973 2341 2053 experiri
2376 1971 2722 2046 maluisset,
2767 1989 2884 2064 cer:

344 2097 577 2154 tataros
605 2091 811 2166 fuisse,
850 2110 928 2151 ne
954 2090 1340 2150 vincerentur
1375 2080 1598 2146 officio.
1667 2071 2187 2154 ⁹lnterrogatique‚
2233 2089 2354 2151 quo
2395 2068 2668 2148 pignore
2711 2067 2883 2127 fidem

348 2187 670 2266 obligaturi
696 2193 915 2262 essent,
953 2186 1171 2261 vitam‚.
1200 2201 1376 2264 quam
1409 2178 1770 2256 acciperent,
1814 2169 2058 2250 pignori
2091 2169 2354 2228 futuram
2391 2185 2532 2226 esse
2583 2163 2878 2224 dixerunt:

346 2284 714 2358 reddituros,
758 2282 1119 2362 quandoque
1156 2274 1494 2362 repetisset.
1557 2273 1694 2334 Nec
1737 2268 2104 2350 promissum
2147 2260 2514 2342 fefellerunt.
2585 2261 2758 2322 Nam
2793 2261 2877 2341 qui

346 2378 581 2439 remissi
606 2378 821 2438 domos
850 2377 1055 2451 ierant,
1096 2377 1217 2437 fide
1255 2372 1608 2435 continuere
1653 2365 2012 2448 populares3
2051 2365 2351 2442 quattuor,
2393 2359 2560 2420 inter
2607 2359 2873 2420 custodes

348 2473 629 2552 eorporis
669 2472 902 2548 retenti,
948 2471 1099 2533 nulli
1132 2470 1535 2532 Macedonum
1579 2467 1640 2526 in
1679 2483 1889 2543 regem
1929 2457 2176 2520 caritate
2217 2462 2558 2518 cesserunt.

516 2569 652 2631 XL.
731 2564 867 2628 ¹⁰1n
910 2566 1234 2648 Sogdianis
1276 2563 1582 2628 Peucolao
1609 2578 1762 2643 ⁴cum
1804 2558 1998 2621 tribus
2037 2553 2278 2616 milibus
2333 2552 2622 2632 peditum
2681 2556 2876 2632 (neque

350 2662 509 2727 enim
543 2664 758 2727 maiori
795 2664 1100 2745 praesidio
1140 2663 1468 2745 indigebat)
1513 2658 1747 2736 relict0,
1787 2657 2008 2718 Bactra
2049 2649 2341 2732 pervenit.
2423 2649 2583 2710 Inde
2645 2651 2876 2711 Bessum

352 2764 661 2825 Ecbatana
714 2761 879 2849 duci*
916 2762 1118 2841 iussit,
1177 2760 1498 2823 interfecto
1559 2760 1766 2819 Dareo
1846 2769 2078 2835 poenas
2143 2746 2338 2827 eapite
2405 2748 2872 2825 persoluturum.

343 2962 679 3024 *Kolonistem
724 2962 811 3013 die
856 2961 1225 3027 griechischen
1272 2960 1574 3010 Bewohner
1627 2957 1725 3006 des
1779 2948 2123 3017 griechisch-
2141 2944 2487 3003 baktrischen
2541 2944 2792 2995 ReicheS.
2825 2970 2872 2979 -·

354 3026 403 3092 7,
440 3026 527 3090 39,
566 3028 615 3080 3.
666 3028 946 3096 Coyunt.
1016 3031 1065 3079 S.
1104 3025 1153 3091 9,
1196 3025 1276 3090 15,
1318 3024 1365 3076 9.
1410 3052 1467 3063 -
1508 3023 1558 3087 7,
1598 3020 1686 3084 39,
1722 3017 1771 3071 4.
1838 3016 2051 3067 Modo.
2093 3015 2182 3063 R:
2219 3026 2374 3063 noro.

489 3117 543 3181 7,
585 3117 667 3183 39,
696 3119 746 3172 5.
822 3120 1121 3185 Effusae
1175 3116 1519 3167 laetitiae.
1595 3117 1645 3164 S.
1701 3112 1807 3161 Liv.
1865 3105 1947 3171 33,
1990 3103 2072 3167 33,
2112 3101 2175 3155 4;
2225 3120 2320 3154 nec
2369 3118 2630 3171 praesens
2683 3104 2880 3153 omm'mn

358 3186 505 3236 modo
547 3188 769 3251 effusa
808 3186 1009 3237 laetitia
1047 3193 1136 3235 est.
1171 3186 1341 3248 Vergl.
1370 3186 1423 3233 C.
1452 3181 1533 3245 10,
1553 3180 1600 3243 9,
1627 3178 1704 3231 15.
1748 3204 1814 3215 -
1850 3174 1900 3238 7,
1935 3173 2022 3234 39,
2060 3172 2107 3223 7·
2149 3171 2410 3239 havn-
2448 3173 2532 3221 F&
2567 3172 2766 3237 uque,
2802 3171 2877 3219 3⁸·

392 3254 483 3303 uit.
554 3255 622 3304 Es
658 3258 729 3305 ist
763 3256 941 3305 dieses
984 3254 1071 3303 die
1112 3254 1314 3314 einzige
1350 3252 1528 3309 Stelle,
1581 3252 1636 3299 in
1677 3249 1774 3299 der
1809 3247 1956 3295 curt.
2003 3244 2130 3305 jene
2164 3242 2390 3293 Partikel
2439 3240 2602 3289 nicht
2653 3254 2742 3289 am
2779 3242 2884 3289 An·-

378 3332 481 3382 ang
528 3320 625 3371 des
664 3324 847 3371 Satzes
886 3319 1183 3384 gebraucht
1229 3319 1332 3381 hat,
1390 3317 1648 3367 wahl-end
1683 3317 1764 3366 sie
1812 3312 1929 3364 sich
1985 3324 2031 3362 z.
2067 3312 2125 3361 B.
2177 3310 2265 3360 bei
2303 3310 2485 3359 Livius
2539 3309 2678 3359 sehr
2713 3308 2790 3358 ost
2823 3320 2880 3356 an

305 3455 313 3463 ι
358 3386 455 3437 der
490 3390 715 3439 zweiten
755 3390 915 3441 stelle
950 3386 1131 3437 findet.
2079 3391 2088 3399 '

496 3474 544 3541 7,
580 3476 663 3542 39,
695 3476 742 3531 8.
816 3478 1173 3545 Nunquam
1220 3492 1285 3527 se
1330 3472 1654 3525 inimicos
1705 3470 1896 3522 hosti
1945 3468 2173 3533 fuisse.
2231 3464 2318 3515 R:
2369 3482 2418 3515 n.
2459 3482 2516 3515 se
2553 3465 2792 3515 inimicos
2829 3464 2879 3525 ei,

360 3544 450 3595 sed
482 3544 610 3595 bello
650 3544 909 3597 lacessitos
949 3546 1115 3597 hostes
1142 3544 1317 3609 fuisse.
1388 3542 1692 3594 Vielieicht:
1741 3536 1823 3588 illi
1856 3552 2113 3604 nunquam
2145 3550 2199 3583 se
2236 3534 2468 3583 inimicos
2511 3534 2572 3597 ei,
2635 3532 2728 3583 sed
2760 3532 2876 3582 bello

364 3611 640 3677 lacessitos,
677 3615 769 3665 sed
803 3615 1033 3665 inimicos
1084 3612 1219 3664 hosti
1258 3612 1417 3676 finisse
1454 3608 1791 3677 responden85
1845 3608 1892 3657 d.
1935 3606 1965 3655 ἰ.
2004 3607 2081 3655 sie
2138 3604 2284 3653 scien
2329 3603 2554 3653 niemals
2592 3616 2768 3667 gagen
2797 3602 2876 3651 ihn

362 3683 670 3743 personlich
703 3697 811 3733 von
849 3685 999 3735 einer
1034 3682 1376 3746 seindseligen
1414 3680 1714 3741 Stimmuug
1753 3673 1928 3725 erfullt
1955 3685 2222 3737 gewesen,
2280 3671 2359 3721 sie
2400 3673 2550 3721 seien
2587 3672 2691 3723 der
2723 3684 2879 3735 ange-

366 3748 585 3813 griffene
618 3752 765 3803 Theil
800 3752 913 3803 und
949 3751 1131 3802 hatten
1168 3763 1337 3817 gegen
1370 3747 1460 3797 ibn
1499 3760 1603 3797 nur
1638 3745 1716 3795 als
1747 3743 1850 3793 den
1888 3738 2276 3804 Angrcifenden
2319 3738 2434 3803 sich
2473 3740 2777 3801 gewendet.

496 3840 547 3903 7,
584 3840 666 3907 39,
698 3840 748 3895 9.
810 3840 1401 3910 Interrogantique.
1451 3838 1535 3887 F.:
1576 3832 2027 3898 interrogantique.
2066 3859 2131 3867 -
2170 3829 2590 3897 quandoque.
2653 3832 2880 3883 Anderc:

367 3910 584 3977 quando.
657 3914 775 3963 Man
820 3914 1078 3963 erwartet
1114 3912 1213 3962 das
1256 3908 1453 3959 vonere
1507 3902 1928 3971 quandocunque,
1980 3901 2086 3950 wie
2132 3896 2210 3958 10,
2251 3896 2336 3959 26,
2381 3896 2478 3949 10:
2526 3896 2796 3949 destitutos
2837 3912 2880 3945 se

365 3981 502 4031 inter
532 3978 747 4041 inseuas
788 3978 1157 4043 indomitasque
1195 3982 1385 4042 gentes,
1434 3972 1750 4039 expetituras
1805 3975 1881 4017 tot
1917 3982 2128 4031 suarum
2160 3962 2385 4015 cladium
2421 3980 2634 4031 poenas,
2687 3982 2878 4031 quan-

370 4048 722 4109 docunque
774 4044 953 4094 oblata
1002 4051 1131 4095 osset
1180 4042 1397 4093 occasio.
1473 4040 1783 4091 ludess'ist
1836 4034 2377 4103 quandocunque
2431 4048 2535 4084 nur
2587 4035 2690 4085 der
2739 4034 2878 4083 Form

369 4112 506 4165 nach
546 4112 644 4163 das
684 4110 955 4173 starker-03
986 4111 1393 4178 quandoque
1430 4108 1624 4159 druckt
1659 4108 1732 4156 im
1767 4104 2160 4155 Wesentlichen
2196 4100 2489 4153 denselbeu
2527 4102 2728 4165 Begrifl’
2763 4112 2878 4151 aus:

369 4194 529 4231 wann
562 4178 675 4229 und
706 4192 765 4231 es
800 4179 874 4231 ist
904 4180 1073 4243 gleich
1110 4194 1178 4231 zu
1213 4178 1445 4228 welcher
1480 4176 1610 4227 Zeit.
1653 4200 1712 4210 -
1770 4170 1922 4237 fide.
1977 4172 2052 4223 F.:
2104 4169 2162 4220 in
2193 4169 2310 4233 fide.
2375 4170 2634 4235 Aehnljch
2671 4172 2776 4219 Liv.
2809 4164 2878 4229 3⁰,

366 4245 447 4311 20,
487 4244 547 4297 5:
582 4246 771 4327 oppida
804 4245 1004 4297 Bruttii
1039 4246 1171 4312 ayn-i,
1213 4260 1344 4311 quae
1375 4257 1552 4311 pauca
1582 4240 1744 4306 magis
1782 4248 1934 4301 metu,
1974 4254 2126 4307 quam
2158 4238 2213 4302 fi
2228 4236 2299 4287 de
2335 4235 2742 4288 continebantur.
2804 4237 2880 4285 Sie

366 4319 605 4369 konnten
641 4314 757 4367 ihre
790 4316 1107 4370 Lundsleute
1138 4312 1310 4365 durch
1347 4312 1463 4365 ihre
1503 4312 1674 4361 Treue
1709 4311 1764 4361 in
1794 4323 1856 4360 so
1900 4309 2014 4359 ferti
2045 4307 2121 4357 im
2170 4307 2464 4357 Gehorsam
2499 4305 2763 4364 erhalten,
2813 4302 2878 4352 als

369 4388 449 4438 sie
479 4384 617 4437 eben
648 4383 705 4433 in
741 4383 897 4448 Folge
932 4380 1215 4434 derselben
1248 4382 1349 4431 mit
1386 4379 1511 4431 dem
1547 4380 1797 4443 grossten
1831 4376 1972 4427 Eifer
2005 4376 2140 4427 allen
2179 4374 2331 4425 ihren
2365 4372 2592 4423 Einfluss
2634 4386 2703 4423 zu
2739 4375 2878 4422 Gun-

370 4458 491 4505 sten
524 4453 620 4504 des
653 4450 795 4501 Alex.
834 4452 1201 4503 anwendeten.
1280 4446 1552 4499 continere
1600 4446 1737 4496 wit-d
1787 4444 2002 4495 absolut
2042 4444 2095 4492 in
2146 4442 2354 4494 diesem
2391 4441 2556 4491 Sinne
2611 4441 2750 4491 oster
2789 4452 2878 4503 ge-

371 4522 613 4572 braucht.
690 4518 855 4570 Allein
908 4520 1038 4569 weit
1084 4516 1355 4569 einfacher
1392 4516 1504 4566 und
1536 4514 1858 4564 naturlicher
1907 4513 1980 4563 ist
2020 4511 2118 4560 der
2153 4508 2405 4560 Godanke
2456 4509 2556 4559 der
2589 4510 2774 4572 Vulg.;
2825 4519 2876 4557 so

369 4592 489 4652 sagt
526 4592 674 4639 Caes.
725 4585 775 4637 b.
822 4600 869 4651 g.
914 4582 961 4649 3,
1002 4583 1096 4637 11:
1132 4584 1252 4636 {auio
1287 4582 1521 4642 mandat,
1569 4574 1751 4631 Remos
1803 4578 2130 4645 reliquosque
2173 4574 2363 4643 Belgas
2417 4575 2575 4625 adeat
2625 4583 2780 4642 atque
2819 4573 2878 4623 in

370 4656 615 4719 officio
666 4653 1037 4785 ςοπῗςὲηεαι.
1112 4653 1229 4703 Und
1263 4650 1658 4715 entsprechend
1694 4649 1816 4701 sind
1856 4648 1941 4699 die
1975 4646 2340 4699 Redensarten
2375 4658 2680 4705 manere,
2726 4657 2876 4711 per-

369 4736 635 4773 manere
666 4736 738 4773 tn
802 4737 825 4773 ι
885 4737 923 4771 e.

505 4808 552 4870 7,
592 4810 675 4873 40,
712 4808 789 4861 10.
861 4810 1256 4873 Interfecto⁴
1306 4808 1542 4860 Dareo.
1620 4806 1842 4858 Wnrum
1881 4804 2030 4856 nicht
2065 4802 2328 4868 interfecti
2363 4801 2543 4863 Darei,
2605 4804 2710 4853 wie
2745 4799 2798 4859 3,
2830 4798 2878 4849 5,
2946 4864 2948 4875 Ι
