2975 5350
290 331 433 398 vn.
478 331 779 399 xxxw.
825 336 1119 400 16-21.
1158 333 1431 402 xxxv.
1474 337 1779 401 22-30.
1819 319 2378 408 xxxvr.‘1--5.
2509 345 2636 414 2⁴³

54 519 268 578 quae
306 519 533 560 manus
576 507 653 562 et·
663 505 899 580 pinnas
954 510 1207 564 tantum
1264 501 1477 579 habet3
1531 523 1723 584 quum
1769 523 2002 570 manus
2043 511 2350 590 porrigit,
2391 516 2634 592 pinnae

50 615 345 675 quoque
381 597 877 676 comprehendere
920 620 1053 660 non
1094 601 1263 660 sinit.
1319 594 1375 638 ²⁶
1398 601 1673 680 Denique
1713 604 1773 665 si
1801 601 1948 664 deus
1985 623 2064 680 es,
2101 603 2366 670 tribme
2401 621 2634 676 morta·

48 691 267 754 libus
304 692 597 773 beneficia
641 692 828 770 debes,
871 716 1000 758 non
1040 717 1158 756 sua
1196 698 1461 776 eriperu
1505 698 1608 758 sin
1641 706 1850 762 autem
1893 700 2070 762 homo
2113 720 2202 776 es,
2249 703 2324 766 id
2355 709 2525 784 quod
2551 731 2628 788 es,

42 809 337 868 semper
376 811 497 851 esse
532 797 593 852 te
628 792 851 869 cogita.
929 793 1211 854 Stultum
1248 799 1337 852 est
1372 811 1584 854 eorum
1628 797 1968 858 meminisse
1985 843 2000 871 ,
2051 806 2309 877 propter
2343 821 2500 880 quae
2531 811 2636 870 tut

42 884 485 948 oblivisceris.
554 881 609 924 2⁷
634 885 866 956 Quibus
909 887 1133 950 bellum
1190 909 1321 950 non
1374 889 1691 964 intuleris,
1745 887 1916 952 bonis
1968 895 2185 954 amicis
2229 901 2462 974 poteris
2512 907 2626 968 uti.

42 984 266 1044 lVam
308 991 371 1044 et
396 984 773 1063 firmissima
810 991 901 1044 est
930 986 1097 1045 inter
1120 1004 1311 1063 pares
1352 985 1636 1046 amicitia
1669 991 1734 1050 et
1773 987 2064 1050 videntur
2092 1007 2312 1068 pares,
2351 997 2466 1073 qui
2501 1019 2628 1064 non

30 1078 397 1157 fecarunt
430 1081 596 1138 inter
650 1099 711 1140 se
747 1081 1103 1158 periculum
1143 1082 1390 1143 virtum.
1464 1076 1524 1120 28
1545 1077 1712 1154 Quos
1767 1085 2016 1160 viceris,
2069 1089 2297 1150 amicos
2353 1090 2470 1152 aba·
2511 1115 2631 1160 esse

44 1193 245 1236 cave
272 1176 523 1237 credas:
559 1177 725 1236 inter
754 1176 1071 1236 dominum
1096 1183 1159 1236 et
1179 1196 1419 1238 servum
1456 1178 1640 1240 nulla
1679 1179 1962 1240 amicitia
1999 1189 2119 1253 θεῖς
2151 1187 2338 1248 etiam
2373 1189 2446 1248 in
2468 1209 2632 1269 paee

42 1269 246 1332 belle
266 1280 481 1332 tamen
506 1273 653 1334 iura
690 1277 1037 1332 servantur.
1103 1266 1161 1308 ²9
1184 1274 1462 1334 Iurando
1491 1275 1776 1354 gratiam
1815 1275 2076 1354 Scythas
2107 1283 2350 1343 sancire
2385 1306 2467 1346 ne
2501 1307 2630 1350 cre-

46 1353 372 1430 didm-is:
424 1367 673 1440 colendo
698 1366 901 1445 fidem
940 1369 1175 1428 iurant.
1266 1371 1643 1430 Graecorum
1693 1371 1817 1430 ista
1861 1375 2072 1434 cautio
2119 1384 2242 1454 est,
2291 1384 2408 1459 qui
2426 1393 2624 1460 pacta

48 1465 474 1542 consignant
512 1470 578 1522 et
595 1463 731 1522 deos
766 1465 1095 1524 invocant:
1137 1483 1248 1524 nos
1284 1465 1646 1544 religionem
1689 1467 1760 1525 in
1799 1470 1934 1547 ipsa
1956 1470 2098 1548 fide
2144 1477 2442 1540 novamus.
2501 1481 2629 1550 Qua·

48 1579 225 1622 non
270 1565 629 1620 reverentur
668 1556 969 1635 homi,nes
1008 1559 1281 1638 fallunt
1321 1561 1474 1622 deos.
1553 1562 1680 1622 Nec
1735 1562 1854 1626 tibi
1907 1569 2106 1629 amico
2161 1587 2314 1650 opus
2369 1581 2484 1653 est,
2549 1579 2623 1640 de

50 1659 273 1718 cuim
288 1653 715 1718 benivolentia
756 1605 1003 1717 dubites.
1066 1651 1125 1694 3⁰
1142 1655 1420 1718 Ceterum
1462 1675 1572 1718 nos
1613 1665 1674 1718 et
1719 1660 1902 1722 Asicw
1938 1670 2002 1724 et
2019 1666 2310 1747 Europae
2349 1675 2624 1738 custodes

52 1749 365 1814 habebis:
405 1753 661 1825 Bactra,
703 1751 831 1810 nisi
855 1751 1097 1812 dividat
1123 1754 1380 1828 Tanais,
1424 1756 1874 1833 contingimus:
1917 1760 2094 1819 ula-a
2123 1764 2397 1824 Tanaim
2433 1787 2622 1845 usque

54 1851 171 1912 ad
228 1849 567 1910 Thraciam
620 1847 876 1908 colimus
891 1871 913 1905 .·
981 1848 1289 1909 Thraciae
1327 1850 1767 1910 Macedoniam
1821 1856 2217 1921 coniunctam
2265 1877 2386 1918 esse
2415 1860 2620 1938 fama

62 1955 195 2008 est.
284 1946 601 2023 Utrimque
638 1945 895 2022 imperio
935 1951 1042 2004 tuo
1070 1945 1374 2020 finitimos
1417 1945 1612 2006 hostes
1653 1966 1743 2006 an
1784 1950 2012 2012 amt'cos
2051 1953 2200 2014 velis
2239 1973 2376 2032 esse,
2425 1962 2618 2022 consi-

64 2045 263 2106 dora.
347 2043 512 2102 Haec
554 2040 866 2104 barbarus.

260 2138 569 2200 XXXVI.
654 2130 999 2200 ¹¹⁹¹Contra
1018 2157 1125 2198 rex
1168 2137 1411 2198 fortuna
1450 2155 1561 2198 sua
1599 2145 1660 2198 et
1695 2138 1971 2202 ‚consiliis
2009 2160 2222 2216 eorum
2261 2164 2332 2208 se
2365 2167 2618 2212 usurum

66 2255 227 2300 esse
271 2235 620 2314 respondet.
706 2234 864 2296 Nam
906 2241 967 2296 et
1014 2238 1348 2307 fortunam,
1405 2232 1508 2294 cui
1549 2235 1843 2309 confidat,
1889 2243 1950 2298 et
1991 2239 2306 2302 consilium
2364 2245 2618 2310 suaden-

67 2335 257 2407 tium,
308 2350 386 2392 ne
430 2331 577 2411 quid
617 2338 841 2392 temere
890 2334 951 2392 et
988 2330 1271 2392 audacter
1310 2329 1506 2405 faciat,
1549 2339 1960 2411 sequutumm.
2048 2330 2075 2374 ²
2095 2336 2494 2421 Dimissisque
2529 2341 2615 2404 le-

70 2430 247 2512 gatis
290 2428 351 2490 in
414 2434 801 2506 praeparatas
844 2433 1003 2489 rates
1049 2427 1377 2490 exercitum
1416 2425 1722 2505 imposuit.
1807 2428 1878 2490 In
1915 2432 2116 2510 proris
2175 2433 2470 2515 clipeatos
2523 2438 2615 2502 lo-

74 2532 369 2601 caverat,
412 2523 611 2587 iussos
659 2523 721 2582 in
760 2543 957 2602 genua
996 2523 1335 2600 subsidere,
1378 2543 1500 2604 quo
1544 2523 1800 2586 tutiores
1855 2537 2056 2590 essent
2113 2531 2404 2596 adversus
2458 2533 2612 2600 ictus

72 2622 459 2704 sagittarum.
526 2614 717 2682 ³Post
761 2621 889 2697 hos,
912 2611 1039 2703 'qui
1076 2625 1372 2683 tormenta
1408 2619 1802 2697 intenderent,
1841 2623 2091 2701 stabant,
2133 2631 2194 2687 et
2229 2627 2308 2689 ab
2351 2636 2614 2711 utroque

70 2722 279 2781 latere
320 2725 381 2780 et
412 2738 461 2795 a⁵
488 2717 689 2777 fronte
728 2717 1079 2779 circumdati
1112 2715 1371 2777 armatis
1454 2715 1728 2795 Reliqui,
1784 2718 1889 2798 qui
1941 2727 2085 2798 post
2137 2728 2434 2785 tormenta
2471 2746 2592 2789 con

72 2818 399 2889 stiterant,
442 2813 727 2892 remigem
764 2815 1015 2876 loricam
1056 2812 1330 2887 indutum
1366 2818 1682 2873 scutorum
1721 2814 2021 2875 testudine
2073 2816 2286 2877 armati
2335 2825 2614 2899 protege·

70 2916 251 2976 bant.
336 2906 540 2971 ¹²1dem
580 2912 735 2972 ordo
778 2910 855 2977 in,
889 2910 1007 2971 illis
1046 2926 1286 2990 quoque
1324 2906 1586 2981 ratibuS,
1629 2926 1782 2987 quae
1817 2899 2080 2991 equiteni
2112 2910 2432 2988 vehebant,
2489 2933 2599 2975 ser-

72 3017 263 3071 vatus
308 3013 415 3069 est.
458 3064 467 3071 ,
504 3006 698 3069 Maior
729 3026 873 3086 pars
912 3028 951 3069 a
993 3026 1203 3085 puppe
1241 3007 1453 3064 nantes
1501 3022 1695 3083 equos
1747 3003 1900 3065 loris
1941 3006 2228 3069 trahebat.
2313 3005 2401 3071 At
2451 3008 2613 3089 illos,

74 3124 243 3187 quos
294 3110 459 3166 utres
499 3108 825 3167 stramento
867 3102 1083 3182 repleti
1125 3100 1453 3175 vehebant,
1497 3100 1770 3163 obiectae
1815 3106 1976 3163 rates
2013 3102 2351 3167 tuebantur.
2436 3099 2614 3185 ⁵1pse

74 3223 197 3265 rex
242 3220 385 3261 cum
444 3199 693 3261 delectis
748 3199 981 3279 primus
1034 3204 1223 3259 ratem
1274 3196 1456 3261 solvit
1514 3205 1574 3260 et
1622 3197 1682 3259 in
1737 3198 1930 3278 ripam
1983 3198 2160 3280 dirigi
2219 3199 2407 3265 iussit.
2495 3202 2613 3267 Cui
2643 3184 2670 3209 ⁶

72 3454 209 3503 dens
246 3448 524 3499 admonitio
565 3449 704 3500 velut
735 3450 975 3513 frenos
1014 3448 1226 3498 animo
1268 3449 1372 3498 eius
1409 3411 1860 3517 imposuisset.
1909 3477 1964 3488 —-
2008 3434 2062 3511 7,
2101 3450 2186 3517 35,
2223 3448 2306 3506 25.
2344 3452 2608 3505 Pinnas.

74 3524 171 3572 R:
210 3533 421 3586 pennas.
491 3518 653 3569 Jenes
683 3519 827 3569 steht
860 3516 909 3580 3,
944 3516 991 3579 7,
1031 3514 1111 3567 16.
1149 3514 1198 3579 9,
1234 3514 1313 3579 18,
1350 3514 1435 3566 30.

224 3608 281 3671 7,
314 3606 399 3669 35,
440 3604 521 3661 26.
597 3608 905 3661 Stultum
981 3608 1051 3658 Es
1102 3608 1173 3658 ist
1221 3606 1469 3668 thoricht,
1527 3606 1930 3669 Bostrebungen
1981 3610 2096 3659 und
2143 3610 2452 3663 Wunschen
2495 3613 2612 3665 sich

75 3676 438 3742 hinzugeben,
491 3677 579 3729 bei
630 3678 795 3728 deren
843 3674 1165 3739 Versolgung
1207 3673 1279 3723 du
1331 3674 1453 3724 dich
1493 3674 1664 3724 selbst
1709 3674 1972 3723 vei-lieren
2021 3680 2211 3727 musst.
2279 3679 2365 3729 Du
2415 3680 2615 3730 kannst

76 3750 171 3799 ein
228 3746 555 3797 menscblich
598 3758 816 3809 grosser
848 3744 1017 3806 Konig
1060 3743 1201 3793 sein:
1256 3739 1387 3791 aber
1438 3742 1512 3791 du
1561 3740 1824 3794 trachtest
1858 3741 2118 3805 demach,
2169 3744 2252 3795 fur
2293 3746 2450 3797 einen
2473 3749 2613 3795 Gott

76 3814 393 3877 angesehen
428 3826 495 3863 zu
530 3814 764 3863 werden.
838 3812 955 3863 Und
988 3824 1051 3861 so
1090 3810 1335 3859 verlierst
1366 3809 1455 3868 du,
1504 3820 1618 3859 was
1657 3807 1782 3857 dein
1819 3808 2105 3857 schonster
2138 3810 2308 3861 Ruhm
2342 3818 2506 3863 were

224 3902 277 3965 7,
312 3901 395 3965 35,
428 3900 513 3953 29.
586 3901 843 3954 Pacta.'
883 3900 963 3953 F.:
1024 3908 1163 3952 acta.
1218 3926 1275 3936 —
1340 3896 1387 3961 7,
1426 3892 1510 3961 35,
1545 3894 1628 3949 30.
1687 3895 1972 3946 Bactra.
2033 3899 2084 3947 S.
2116 3896 2269 3962 zu7,
2305 3896 2388 3963 34,
2425 3898 2508 3953 21.
2551 3930 2598 3941 ..

74 3972 459 4037 utrimque.
537 3972 683 4023 Nech
724 3971 897 4033 Conj.;
940 3970 1121 4021 bisher
1152 3967 1373 4031 utrique.

224 4060 407 4123 ’7,36,
449 4061 494 4113 1.
572 4061 827 4111 Eorum
881 4060 931 4110 F
1002 4074 1221 4109 suorum.
1298 4057 1481 4109 sicher
1521 4055 1708 4107 wurde
1745 4056 2040 4108 Alexander
2075 4057 2174 4109 der
2205 4057 2456 4125 Maiesffit
2493 4062 2614 4111 sei·—

76 4146 189 4183 ner
222 4132 428 4183 Wurde
461 4142 563 4179 vor
604 4130 767 4193 jenen
798 4127 1070 4179 Barbaren
1122 4130 1290 4178 etwas
1342 4125 1608 4189 vei-geben
1647 4124 1836 4187 haben,
1896 4138 2054 4177 wenn
2103 4140 2162 4177 er
2209 4128 2368 4179 ihnen
2418 4128 2615 4179 erklert

78 4202 255 4260 hatte,
293 4213 353 4249 er
388 4198 541 4249 wolle
576 4198 690 4247 sich
726 4200 839 4248 erst
877 4198 975 4245 mit
1006 4198 1192 4247 seinen
1225 4195 1506 4245 Freunden
1547 4193 1782 4244 dal-{lber
1825 4166 2100 4245 bei-athen.
2173 4196 2232 4245 In
2284 4197 2383 4247 der
2419 4197 2613 4261 ausge—

76 4280 415 4319 nommenen
452 4268 642 4319 Lesart
674 4266 799 4327 liegt
846 4264 932 4315 die
966 4264 1274 4315 bestimmte
1316 4263 1633 4325 Andeutung
1672 4263 1852 4315 seines
1897 4263 2362 4326 wohlerwogenen
2395 4266 2610 4325 Yorha-

78 4336 244 4387 bens.
317 4334 385 4385 Er
420 4334 577 4385 welle
610 4332 919 4393 vollsuhren‚
962 4346 1119 4383 wozu
1154 4333 1268 4382 sein
1305 4332 1471 4381 Gh‘ick
1503 4332 1594 4381 ihu
1631 4331 1838 4393 geleite,
1871 4332 1983 4380 und
2023 4329 2180 4381 dahei
2213 4331 2354 4383 eben
2388 4346 2486 4383 aus
2523 4332 2611 4383 ih-

79 4417 181 4453 rer
220 4402 501 4465 Warnung
540 4398 909 4466 (suadentium,
956 4414 1019 4447 ne
1054 4398 1177 4464 quid
1210 4405 1393 4447 temere
1424 4405 1478 4447 et
1515 4397 1766 4449 madanten-
1797 4396 1998 4463 faciat)
2034 4398 2238 4449 Nutzen
2271 4400 2474 4461 ziehen,
2521 4412 2610 4449 um

80 4472 189 4521 das
224 4471 405 4521 Genze
440 4468 731 4531 umsichtig
770 4468 873 4517 ins
892 4434 1055 4517 'Werk
1092 4480 1158 4517 zu
1194 4470 1395 4519 setzen.

226 4558 279 4622 7,
310 4555 393 4622 36,
428 4556 479 4610 3.
560 4558 925 4609 Tormenta
968 4556 1446 4617 intenderent,
1495 4568 1558 4607 so
1609 4556 1718 4606 wie
1751 4555 1988 4607 munim
2026 4556 2242 4607 Kleinen
2281 4558 2401 4619 δεμ
2444 4555 2614 4622 εις-ιι·-

82 4637 201 4681 tm
230 4599 517 4679 immitem.
543 4654 608 4665 -·-
650 4624 949 4688 loricam.
985 4625 1066 4675 F:
1111 4622 1291 4673 lorica.
1363 4596 1528 4675 Be’ide
1561 4624 2008 4675 Constructionen
2046 4624 2166 4674 sind
2204 4625 2277 4673 im
2305 4570 2617 4675 Gebrauch:

82 4710 153 4749 so
195 4696 251 4756 7,
290 4690 511 4755 21,16:
559 4693 911 4745 thoracem
962 4689 1131 4743 adhuc
1177 4690 1469 4742 indutus.
1551 4692 1798 4755 Dagegen
1844 4687 2150 4754 8,10,36:
2205 4706 2358 4755 quum
2403 4688 2617 4743 lorica

83 4763 389 4813 indutus
424 4777 575 4812 arma
612 4768 854 4827 gestaret.
2103 4826 2141 4885 6
2175 4824 2218 4867 *
