2975 5350
339 338 471 403 m
1271 337 1354 419 Q.
1401 338 1683 401 cunm
1728 336 1921 401 num

341 528 476 597 genn
514 525 866 589 precesque,
920 512 988 569 ut
1029 506 1232 586 ipsum
1281 506 1675 583 vindicarent,
1728 506 2209 571 couinebantur.
2316 501 2367 547 ³¹
2380 507 2569 587 Igitur
2628 508 2889 588 cognita

341 606 502 683 regis
545 605 854 667 voluntate
893 622 1018 667 non
1065 604 1306 684 quidem
1349 603 1699 684 indignatio,
1740 606 1853 665 sed
1882 611 2081 665 umen
2116 603 2337 671 seditio
2372 624 2731 683 compressa
2774 614 2886 677 est,

339 702 604 782 Dilapsis
641 700 922 781 pluribus
963 700 1144 780 pauci
1185 706 1617 777 remanserunt,
1672 701 1795 781 qui,
1836 700 2049 763 saltem
2090 707 2161 763 nt
2195 720 2424 781 corpus
2466 702 2661 781 ipsius
2706 722 2889 781 sepe-

337 798 452 861 Bre
496 798 928 879 permitterent,
967 796 1388 877 precabantur.
1487 792 1681 861 ³²Din
1730 796 1793 857 id
1834 802 2118 877 negatum
2169 802 2281 873 cst,
2338 797 2633 859 Cleandri
2695 806 2885 872 metu,

339 914 418 957 ne
457 895 794 957 offenderet
829 914 1054 974 regem.
1124 893 1499 956 Pertinacius
1542 894 1759 955 deinde
1802 892 2207 972 precantibus,
2252 894 2557 955 materiem
2604 902 2889 957 conster-

337 992 598 1053 nationis
649 991 1114 1053 subtrahendam
1165 997 1350 1067 ratus,
1417 991 1617 1071 capite
1672 990 1883 1053 deciso
1938 996 2215 1053 truncum
2276 991 2523 1053 humare
2582 991 2886 1070 permisit.

339 1081 508 1150 33Αά
547 1106 754 1167 regem
797 1093 983 1167 caput
1017 1088 1264 1151 missum
1309 1094 1418 1150 est.

505 1184 624 1247 Hic
657 1185 874 1247 exitus
892 1184 1306 1247 Parmenionis
1343 1185 1474 1261 fuit,
1510 1184 1757 1248 militiae
1802 1142 2089 1267 domique
2130 1183 2279 1246 clari
2316 1182 2447 1247 viri.
2509 1185 2709 1247 Multa
2752 1186 2883 1247 sine

340 1300 485 1360 rege
523 1298 840 1367 prospere,
875 1300 986 1342 rex
1023 1280 1154 1345 sine
1197 1280 1304 1343 illo
1349 1281 1499 1343 nihil
1536 1302 1785 1362 magnae
1824 1283 1915 1344 rei
1952 1288 2237 1363 gesserat.
2322 1268 2707 1345 Felicissimo
2754 1284 2883 1361 regi

339 1383 402 1440 et
443 1376 646 1441 omnia
677 1378 756 1439 ad
799 1378 1080 1440 fortunae
1133 1397 1283 1440 suae
1325 1378 1589 1458 exigenti
1632 1380 1879 1441 modum
1922 1378 2229 1441 satisfecit.
2316 1379 2501 1440 LXX
2552 1386 2743 1442 natus
2784 1400 2880 1441 an-

339 1492 472 1551 nos,
529 1473 762 1536 iuvenis
799 1474 976 1537 ducis
1029 1480 1092 1535 et
1129 1493 1312 1554 saepe
1357 1476 1535 1537 etiam
1576 1476 1837 1555 gregarii
1878 1466 2083 1537 militis
2118 1475 2321 1537 munia
2378 1474 2675 1553 explevit:
2740 1496 2881 1538 acer

341 1571 616 1647 consilio,
683 1590 866 1633 mann
919 1576 1218 1647 strenuus,
1283 1592 1460 1633 carus
1518 1570 1912 1653 principibus,
1988 1571 2177 1681 vulgo
2236 1571 2489 1633 militum
2542 1574 2879 1651 acceptior.

337 1662 571 1731 “nmo
610 1666 960 1747 impulerint
999 1666 1169 1729 illum
1207 1667 1284 1727 ad
1315 1667 1499 1747 regni
1548 1670 1956 1749 cupiditatem,
2008 1690 2085 1731 an
2128 1674 2355 1731 tantum
2394 1674 2753 1748 suspectum
2796 1672 2879 1731 fe-

337 1766 548 1841 cerint,
583 1763 806 1843 ambigi
843 1768 1062 1843 potest,
1105 1763 1248 1845 qnia
1293 1764 1557 1827 Philotas
1600 1766 1825 1829 ultimis
1866 1765 2235 1829 cruciatibus
2278 1765 2473 1827 victus
2514 1784 2748 1827 verane
2792 1768 2877 1827 di-

337 1863 512 1936 xerit,
565 1880 720 1942 quae
768 1861 928 1923 facta
969 1860 1220 1941 probari
1271 1880 1396 1922 non
1439 1869 1739 1940 poterant,
1802 1884 1879 1925 an
1920 1862 2089 1925 falsis
2144 1868 2582 1923 tormentorum
2634 1864 2877 1942 petierit

335 1961 534 2035 hem,
565 1964 646 2019 're
684 1976 935 2039 qnoque
976 1956 1222 2033 recenti,
1267 1976 1450 2038 quum
1496 1959 1685 2039 magis
1722 1966 1935 2040 posset
1968 1959 2219 2040 liquere,
2257 1958 2589 2021 dubitatum
2634 1968 2751 2023 est.

505 2056 592 2117 X.
673 2049 728 2095 ³⁵
741 2053 1104 2129 Alexander,
1149 2073 1306 2133 quos
1341 2053 1533 2116 libere
1576 2063 1829 2117 mortem
1872 2054 2283 2117 Parmenionis
2326 2062 2689 2136 conquestos
2734 2078 2877 2119 esse

339 2157 737 2233 compererat,
793 2150 1166 2230 separandos
1211 2170 1246 2211 a
1283 2157 1491 2213 cetero
1536 2152 1803 2213 exercitu
1840 2157 2023 2228 ratus,
2078 2153 2141 2213 in
2180 2172 2361 2215 unam
2402 2153 2718 2215 cohortem
2784 2174 2873 2215 se-

337 2249 544 2324 crevit,
611 2248 948 2327 ducemque
1003 2246 1098 2308 his
1145 2246 1476 2309 Leonidam
1532 2247 1717 2321 dedit,
1768 2253 1830 2308 et
1884 2248 2083 2327 ipsum
2138 2248 2517 2311 Parmenioni
2566 2251 2869 2330 quondam

337 2345 544 2407 intima
580 2342 980 2409 familiaritate
1025 2343 1430 2405 coniunctum.
1532 2337 1590 2384 ³⁶
1606 2343 1763 2405 Fere
1800 2344 1979 2407 iidem
2020 2351 2211 2420 erant,
2260 2365 2417 2426 quos
2450 2345 2727 2427 alioquin
2770 2369 2869 2409 rex

335 2442 627 2505 habuerat
663 2441 909 2504 invisoS.
993 2440 1152 2502 Nam
1197 2459 1382 2520 quum
1427 2440 1691 2519 experiri
1736 2441 1919 2502 vellet
1952 2440 2207 2503 militum
2242 2441 2491 2519 animoa,
2540 2441 2867 2521 admonuit,

335 2537 442 2619 qui
482 2537 710 2609 litteras
749 2536 811 2597 in
853 2534 1266 2599 Macedoniam
1301 2538 1380 2598 ad
1419 2556 1569 2599 suos
1612 2536 1971 2617 scripsisset,
2015 2538 2123 2614 his,
2180 2558 2335 2619 quos
2390 2539 2525 2618 ipse
2580 2540 2864 2617 mittebat,

335 2633 660 2715 perlaturis
701 2654 839 2695 cum
881 2635 1018 2712 fide,
1075 2634 1354 2698 traderet.
1441 2633 1811 2713 Simpliciter
1862 2636 1943 2698 ad
1987 2635 2365 2699 necessarios
2416 2654 2564 2698 suos
2618 2638 2869 2720 quisque

337 2733 680 2812 scripserat,
730 2751 884 2812 quae
919 2732 1240 2796 sentiebat:
1307 2731 1438 2794 aliis
1492 2731 1691 2812 gravis
1738 2738 1881 2808 erat,
1928 2732 2235 2814 plerisque
2271 2751 2397 2794 non
2450 2733 2689 2813 ingrata
2726 2737 2867 2797 mili-

333 2830 434 2894 tia.
525 2825 580 2868 ³⁷
591 2829 680 2892 Ita
723 2834 786 2890 et
820 2829 1120 2909 agentium
1165 2829 1387 2910 gratias
1427 2835 1491 2892 et
1527 2829 1905 2910 querentium
1940 2829 2173 2892 litterae
2218 2834 2509 2908 exceptae
2547 2837 2711 2893 sunt.
2796 2833 2865 2892 Et

337 2928 442 3008 qni
482 2929 642 2992 forte
683 2927 944 2990 taedium
985 2926 1216 2988 laboris
1261 2946 1372 3005 per
1405 2925 1636 2988 litteras
1692 2933 1863 2988 erant
1904 2926 2114 3007 questi,
2151 2924 2194 2968 *
2260 2926 2431 2988 Hanc
2472 2945 2729 2990 seorsus
2773 2948 2867 2989 co-

336 3025 574 3088 hortem
622 3042 659 3084 a
705 3024 924 3086 ceteris
967 3023 1216 3086 tendere
1259 3023 1623 3102 ignominiae
1670 3041 1857 3084 causa
1896 3022 2078 3097 iubet,
2132 3021 2484 3084 fortitudine
2542 3045 2770 3086 usurus
2816 3025 2868 3084 in

334 3120 522 3196 bello,
573 3119 914 3184 libertatem
953 3120 1194 3199 linguae
1233 3118 1311 3180 ab
1353 3119 1601 3182 auribus
1650 3118 1915 3182 credulis
1966 3124 2329 3182 remoturus.
2408 3120 2489 3182 Et
2530 3120 2865 3198 consilium,

335 3217 720 3278 temerarium
757 3216 1007 3277 forsitan
1037 3214 1294 3294 (quippe
1337 3213 1646 3274 fortissimi
1690 3214 1939 3278 iuvenes
1980 3215 2361 3277 contumeliis
2410 3215 2621 3277 irritati
2650 3219 2865 3296 erant),

338 3311 496 3374 sicut
516 3311 716 3371 omnia
754 3309 886 3384 alia,
929 3309 1181 3370 felicitas
1231 3309 1391 3388 regis
1439 3310 1695 3389 excepit.
1774 3304 2013 3372 33Nihil
2056 3309 2173 3372 illis
2213 3311 2291 3372 ad
2334 3311 2497 3374 bella
2526 3315 2865 3393 promptius

335 3407 468 3470 fuit.
551 3404 844 3470 Incitabat
885 3406 1164 3466 virtutem
1219 3413 1281 3466 et
1332 3404 1693 3485 ignominiae
1734 3406 2063 3470 demendae
2106 3408 2332 3488 cupido
2392 3416 2452 3470 et
2508 3410 2649 3491 quia
2692 3411 2867 3471 fortia

335 3505 492 3568 facta
535 3503 597 3564 in
639 3503 852 3583 paucis
891 3501 1082 3566 latere
1129 3521 1252 3564 non
1305 3507 1603 3581 poterant.

503 3595 796 3662 X1.¹¹¹·¹
815 3589 922 3660 nis
964 3599 1048 3660 ita
1089 3599 1458 3680 compositiS‚
1511 3596 1873 3675 Alexander,
1937 3599 2297 3662 Arianorum
2349 3608 2591 3684 satrape
2645 3603 2863 3665 consti-

473 3783 525 3847 7,
560 3783 609 3849 9,
646 3784 731 3838 30.
805 3784 1374 3836 Οοιιιίιιοὸαιιιιιι·
1429 3785 1482 3834 in
1544 3783 1957 3836 verschiedener
2005 3785 2306 3864 Beziehung
2360 3801 2426 3836 zu
2485 3785 2709 3836 inuidiae
2764 3789 2863 3838 und

331 3869 526 3934 preces.
569 3881 632 3892 --
677 3853 726 3916 7,
759 3851 808 3916 9,
843 3852 924 3906 31.
987 3853 1400 3922 Compressu,
1451 3853 1501 3902 S.
1534 3853 1638 3902 Cic.
1678 3851 1800 3901 Phil.
1846 3849 1930 3911 10,
1969 3849 2015 3914 5,
2054 3850 2143 3901 11;
2198 3853 2297 3902 nisi
2332 3852 2647 3904 incredibilis
2686 3871 2755 3904 ac
2787 3855 2860 3904 di·-

331 3922 456 3972 οίιια
489 3923 651 3974 virtus
691 3921 912 3986 harenas
951 3922 1164 3972 Ιιοιιιίιιίι
1197 3928 1436 3972 conatum
1471 3925 1521 3967 et
1554 3917 1829 3968 audaciam
1864 3920 2327 3986 compressisset.—
2356 3919 2403 3984 7,
2423 3919 2470 3983 9,
2486 3918 2568 3971 32.
2606 3919 2791 3972 Metu
2818 3926 2860 3972 S.

334 4005 401 4042 zu
439 3987 702 4052 4,14,18.
737 3987 890 4053 4,23,
917 3987 996 4040 16.
1032 4017 1090 4027 -
1131 3961 2677 4048 subtrahendam.s.Ps.C.Dom.5,11tn’0nneid
2708 4007 2861 4057 nqeu-

335 4057 454 4106 άιιιιι
485 4057 632 4106 nobis
663 4058 778 4120 fuit,
817 4065 878 4105 ut
915 4059 1177 4106 mater-iem
1209 4055 1620 4106 subtraheremus
1655 4055 1829 4133 Γιινοιὶ
1860 4053 1991 4104 tuo?
2024 4081 2087 4092 ·-—
2139 4054 2187 4119 7,
2218 4053 2271 4118 9,
2308 4054 2394 4108 33.
2436 4057 2707 4108 Ιιιυειιιε
2746 4059 2861 4108 du-

335 4141 444 4174 cu.
511 4125 798 4174 Falschlich
835 4127 1238 4189 interpungiren
1269 4125 1513 4174 Andere.
1548 4122 1762 4183 manis,
1800 4122 1959 4172 ducis.

469 4211 519 4275 7,
563 4213 642 4278 10,
679 4212 764 4265 35.
817 4213 1068 4262 Lubere
1104 4216 1232 4265 fehlt
1266 4214 1355 4266 bei
1391 4213 1442 4263 1·.
1479 4213 1651 4278 Vergl.
1688 4209 1737 4275 6,
1772 4211 1820 4275 4,
1852 4210 1917 4262 4.
1952 4211 2243 4262 laben-tor
2270 4211 2408 4263 mter
2442 4221 2647 4265 mutuas
2678 4231 2861 4282 quere-
2933 4233 2934 4244 ¹

337 4281 416 4332 lm
451 4279 614 4332 dolor.
653 4309 718 4318 -—-
755 4279 804 4344 7,
839 4279 917 4344 10,
951 4278 1034 4332 36.
1075 4281 1432 4347 Alwqeun.
1467 4281 1547 4330 R:
1591 4277 1804 4346 alioqui.
1847 4283 1897 4330 S.
1931 4295 1998 4330 zu
2034 4277 2083 4343 4,
2112 4279 2162 4343 7,
2197 4279 2248 4333 5.
2296 4307 2355 4318 --
2412 4297 2556 4332 eum
2602 4284 2775 4346 sude.
2816 4285 2859 4332 S.

331 4349 383 4414 8,
427 4350 476 4413 9,
515 4348 598 4402 32.
673 4350 788 4401 Und
835 4363 902 4400 zu
949 4347 1020 4411 3,
1038 4347 1357 4410 31,13.--
1411 4346 1466 4408 7,
1504 4346 1584 4410 10,
1620 4345 1706 4398 37.
1764 4347 1795 4376 ⁴*
1837 4347 2042 4399 Hanc.
2115 4317 2223 4400 D’as
2270 4351 2497 4401 Zeichen
2540 4351 2643 4401 der
2694 4353 2863 4402 Lucke

335 4415 494 4470 fehlte
529 4419 728 4470 bisher.
787 4419 898 4468 Der
935 4417 1180 4469 fehlende
1218 4383 1468 4468 Satzthei’l
1505 4429 1656 4467 muss
1690 4415 1779 4468 die
1812 4416 1902 4467 bei
1953 4419 2001 4481 g.
2032 4413 2101 4467 36
2138 4417 2457 4481 hegennene
2490 4418 2863 4482 Einschaltung

333 4487 745 4552 abgeschlossen
783 4485 973 4537 haben
1047 4484 1199 4535 Hanc
1237 4483 1497 4534 cohortem
1546 4483 1759 4534 bezieht
1800 4485 1915 4536 sich
1956 4484 2055 4535 auf
2090 4487 2134 4550 5.
2178 4483 2259 4536 35.
2300 4512 2359 4522 —
2415 4502 2729 4538 seorsus.
2784 4489 2859 4537 R·
2930 4533 2932 4563 A

333 4571 570 4606 seorsum.
609 4583 671 4590 --
708 4551 1001 4615 7310,ae
1045 4552 1245 4603 Fore·
1257 4569 1306 4604 a.
1349 4553 1429 4602 F.
1463 4551 1707 4615 fortiora.
1742 4553 1795 4604 S.
1832 4567 1897 4604 zu
1935 4550 1985 4614 7,
2018 4549 2067 4614 3,
2102 4550 2186 4602 22.

469 4640 1667 4706 7,11‚1.Arsanoram.a1·r.3‚⁸25,7
1702 4645 1915 4706 erzahlt,
1952 4645 2079 4694 dass
2112 4643 2413 4696 Alexander
2440 4645 2695 4695 voi-dem
2728 4647 2859 4708 zuge

333 4713 470 4760 nach
505 4681 806 4777 Drangiane
861 4713 967 4764 den
1003 4715 1196 4764 Perser
1230 4713 1482 4762 Arsames
1528 4711 1662 4761 oder
1701 4713 1927 4762 Arsaces
1970 4725 2097 4762 zum
2132 4713 2395 4776 Satrapen
2436 4714 2536 4762 der
2570 4715 2729 4763 Arier
2766 4727 2857 4762 er-

333 4780 694 4830 uunt-habe.
763 4781 900 4830 Dass
935 4782 1127 4834 Ariana
1177 4780 1290 4832 und
1323 4781 1627 4844 Drangiana
1664 4792 1772 4830 von
1802 4779 2099 4831 Alexander
2132 4793 2199 4830 zu
2240 4781 2392 4832 einer
2442 4781 2693 4845 satrapis
2727 4793 2855 4850 rer-
