2975 5350
659 306 824 370 VIII.
872 307 979 370 111.
1020 309 1119 372 26.
1162 305 1267 369 lv,
1300 307 1607 370 ‘27-37.
1647 305 1720 370 V.
1766 305 2062 372 38-49.
2287 381 2296 390 .
2489 306 2618 374 2³⁶

52 479 272 532 mum
356 475 431 534 in
494 475 687 539 Italia
745 474 973 568 deiris-te
1038 481 1325 549 constat,
1384 475 1592 554 chrum
1648 477 1722 538 in
1783 477 1948 538 vir-oe
1999 473 2338 550 mamm,
2409 484 2470 538 te
2543 477 2616 539 ὰ

52 567 387 638 femmas.
562 631 569 638 ,
852 637 868 644 -
1839 625 1846 628 .

256 667 343 729 V.
410 661 470 706 ³⁸
484 667 651 732 Nihil
712 688 787 730 ex
839 667 1125 732 omnibus
1176 666 1516 751 inconsulte
1565 687 1640 728 ac
1685 673 1910 730 temere
1953 668 2126 732 iactis
2177 684 2382 750 regem
2425 668 2616 749 magis

52 769 383 840 moverat,
428 783 605 845 quam
643 763 1053 827 Parmenionis
1092 783 1231 826 cum
1270 765 1504 827 honore
1547 764 1774 827 mentio
1817 757 2000 828 illata.
2085 765 2380 828 Dolorem
2417 771 2616 832 umen

53 878 192 922 rex-
236 861 485 938 pressit,
530 866 851 925 contentus
888 861 1135 924 iussisse
1150 849 1183 937 ,’
1208 865 1277 922 ut
1320 858 1602 940 convivio
1641 862 1977 924 excederet.
2050 855 2108 900 3⁹
2121 861 2183 922 N
2185 881 2257 924 ec
2299 863 2616 944 quioquam

53 955 251 1017 aliud
292 957 543 1033 adiecit,
586 977 764 1036 quam
802 957 1057 1020 forsitan
1098 976 1234 1038 eum
1248 1003 1263 1032 ‚
1311 955 1365 1018 si
1406 956 1631 1020 diutius
1673 955 1962 1038 loquutus
1999 960 2188 1034 foret,
2225 957 2617 1037 exprobratur

53 1071 219 1112 rum
250 1053 394 1114 sibi
434 1053 623 1116 fuisse
664 1053 843 1114 vitam
882 1071 921 1112 a
960 1053 1283 1132 semetipso
1328 1053 1556 1115 datam:
1603 1054 1724 1116 hoc
1777 1052 1934 1116 euim
1981 1053 2244 1134 superbe
2295 1071 2480 1132 saepe
2533 1054 2618 1114 ia-

58 1155 313 1211 ctasse.
384 1143 445 1188 ¹²⁰
458 1153 657 1229 Atque
702 1148 871 1210 illum
914 1155 1291 1218 cunctantem
1348 1150 1548 1212 adhuc
1609 1169 1860 1230 surgere
1875 1196 1892 1226 ,
1937 1152 2041 1232 qui
2078 1149 2340 1231 proximi
2399 1149 2456 1209 ei
2515 1169 2620 1215 cu-

60 1245 385 1320 buerant,
428 1244 661 1309 iniectis
708 1245 983 1308 manibus
1035 1246 1339 1324 iurgantes
1385 1253 1820 1328 monentesque
1873 1248 2246 1310 conabantur
2296 1243 2616 1307 abducere.

56 1336 113 1380 ⁴¹
146 1340 365 1402 Clitus
408 1361 595 1421 quum
614 1341 1075 1418 abstraheretur,
1116 1343 1195 1403 ad
1215 1342 1530 1421 pristinam
1571 1342 1915 1406 violentiam
1957 1343 2046 1404 ira
2085 1361 2330 1424 quoque
2365 1340 2616 1417 adiecta,

63 1457 205 1500 suo
246 1443 503 1516 pectore
548 1445 779 1516 tergum
818 1437 979 1500 illius
1022 1457 1155 1500 esse
1186 1425 1538 1511 'defensum;
1593 1457 1787 1516 nunc,
1847 1446 2168 1522 postquam
2221 1437 2370 1502 tanti
2421 1438 2618 1508 meriti

66 1533 473 1614 praeterierit
508 1538 776 1612 tempuS,
828 1533 1009 1596 etiam
1052 1534 1401 1596 memoriam
1438 1534 1690 1598 invisam
1731 1555 1864 1598 esse
1933 1537 2284 1616 proclamat.
2356 1525 2414 1574 ⁴2
2429 1535 2616 1601 Attali

68 1651 335 1712 quoque
358 1630 605 1692 eaedem
632 1628 969 1705 obiiciebat,
992 1637 1053 1692 et
1088 1631 1167 1691 ad
1206 1630 1479 1694 ultimum
1519 1631 1699 1707 loviS,
1743 1653 1920 1713 quem
1953 1639 2188 1712 pau-em
2223 1633 2340 1696 sibi
2355 1631 2618 1698 Alexan-

70 1730 205 1790 der
242 1731 558 1800 assereret,
594 1724 906 1788 oraculum
946 1725 1211 1800 eludens,
1253 1726 1496 1788 veriora
1525 1746 1592 1788 se
1635 1729 1768 1806 regi
1785 1775 1802 1804 ,
1843 1747 2026 1809 quam
2066 1735 2301 1807 patrem
2343 1729 2474 1790 eius
2519 1747 2616 1796 re·-

72 1823 415 1904 spondisse
460 1822 711 1888 dicebat.
779 1813 973 1884 431am
1014 1827 1243 1889 tantum
1282 1823 1409 1884 irae
1450 1827 1818 1900 conceperat
1849 1841 1960 1884 rex
1975 1871 1991 1899 ,
2053 1829 2344 1904 quantum
2379 1823 2482 1886 vix
2517 1842 2618 1886 so·

74 1921 263 1984 brius
316 1921 485 2006 ferre
530 1916 843 1997 potuisset.
926 1917 1251 1980 Enimvero
1314 1916 1461 1979 olim
1511 1937 1683 1979 mero
1741 1918 2016 1980 sensibus
2067 1918 2268 1994 victis,
2321 1939 2398 1982 ex
2452 1918 2616 1994 lecto

80 2023 347 2096 repente
391 2013 705 2094 prosiluit..
760 2007 1083 2080 ¹²⁴Att0niti
1130 2013 1337 2089 amici,
1384 2033 1462 2076 ne
1501 2011 1716 2092 positis
1761 2013 2034 2094 quidem,
2073 2015 2184 2078 sed
2225 2015 2474 2080 abiectis
2501 2035 2617 2096 po·

78 2113 269 2188 culis,
286 2116 294 2120 ’
312 2117 701 2188 consurgunt,
746 2109 807 2170 in
850 2113 1129 2171 eventum
1172 2109 1274 2185 rei,
1324 2129 1502 2190 quam
1547 2115 1712 2172 tanto
1755 2109 1982 2189 impetn
2023 2119 2270 2175 acturus
2313 2117 2491 2188 esset,
2529 2112 2618 2176 iu-

82 2208 261 2270 tenti.
331 2199 387 2246 '⁴⁵
401 2205 774 2282 Alexander,
828 2210 1005 2284 rapta
1046 2205 1259 2268 lancea
1310 2225 1385 2268 ex
1446 2205 1720 2268 manibus
1773 2205 2086 2286 armigeri,
2147 2206 2371 2274 Clitum
2419 2207 2618 2273 adhuc

86 2305 311 2369 eadem
346 2303 585 2380 linguae
626 2301 1081 2380 intemperantia
1136 2302 1428 2364 furentem
1480 2308 1800 2382 percutere
1867 2309 2140 2380 comme,
2187 2323 2226 2366 a
2268 2303 2616 2373 Ptolemaeo

88 2411 155 2466 et
200 2399 489 2464 Perdicca
520 2398 835 2460 inhibetur.
911 2391 1245 2474 46Μιῗείἰῃιιι
1298 2399 1602 2478 complexi
1663 2406 1745 2462 et-
1783 2400 2082 2464 obluctari
2132 2407 2620 2482 perseverantem
2677 2435 2687 2440 -

88 2495 485 2565 morabantur
505 2502 537 2568 ;'
552 2495 947 2572 Lysimachus
992 2501 1051 2558 et
1076 2497 1421 2560 Leonnatus
1466 2495 1645 2558 etiam
1675 2496 1946 2560 lanceam
1985 2496 2372 2562 abstulerant.
2440 2492 2496 2538 ⁴⁷
2507 2499 2618 2566 1110

90 2597 353 2658 militum
394 2593 574 2656 fidem
618 2589 981 2669 implorans,
1028 2591 1461 2670 comprehendi
1489 2611 1568 2674 ‘se
1611 2613 1648 2652 a
1697 2593 1988 2670 proximis
2033 2593 2398 2670 amicorum,
2449 2595 2618 2676 quod

92 2698 303 2755 Dareo
344 2708 537 2769 nuper
576 2687 925 2763 accidisset,
976 2688 1303 2762 exclamat,
1354 2688 1712 2768 signumque
1754 2690 1900 2751 tuba
1940 2689 2102 2763 dari,
2147 2696 2214 2752 ut
2269 2690 2348 2751 ad
2391 2690 2618 2766 regiam

94 2789 315 2853 armati
370 2785 635 2861 coirent,
693 2784 877 2851 iubet.
946 2778 1006 2825 48
1023 2786 1181 2846 Tum
1237 2804 1383 2847 vero
1438 2781 1822 2846 Ptolemaeus
1875 2788 1936 2847 et
1987 2782 2312 2849 Perdiccas
2366 2784 2618 2861 genibus

94 2883 371 2950 advoluti
412 2888 615 2957 orant,
672 2896 749 2947 ne
776 2879 850 2952 ‚in
892 2886 1013 2945 tam
1053 2879 1371 2959 praecipiti
1410 2880 1502 2943 ira
1550 2884 1928 2957 perseveret,
1983 2878 2362 2959 spatiumque
2411 2879 2618 2957 potius

93 2983 301 3047 animo
341 2980 475 3041 det:
514 2977 713 3043 omnia
746 2981 999 3055 postero
1036 2976 1132 3040 die
1166 2976 1383 3041 iustius
1418 2980 1875 3058 exequuturum.
1944 2968 2002 3015 ‘¹9
2015 2975 2142 3036 Sed
2175 2974 2416 3038 clausae
2449 2980 2620 3040 eraut

97 3162 412 3223 Alexander,
462 3164 697 3224 genennt
726 3161 1007 3225 Molossia,
1056 3162 1357 3213 Herrscher
1406 3162 1457 3215 in
1493 3160 1702 3227 EpiruS,
1753 3161 1959 3213 Bruder
2015 3160 2116 3211 der
2147 3161 2345 3212 Mutter
2379 3159 2617 3216 Alexan-

99 3234 229 3282 ders
271 3230 365 3279 des
401 3224 652 3289 Gros'sen,
690 3228 973 3291 olympias.
1048 3230 1155 3281 Das
1188 3228 1319 3278 Jahr
1357 3230 1536 3279 seiner
1579 3230 2010 3293 Unternehmung
2051 3242 2220 3295 gegen
2258 3228 2439 3277 italien
2477 3228 2617 3287 fsetzt

97 3301 212 3349 Liv.
246 3297 295 3359 8,
329 3292 414 3358 524,
454 3296 481 3345 1
545 3298 669 3347 dem
722 3297 821 3346 der
856 3296 1150 3361 Grundung
1202 3310 1308 3347 von
1342 3298 1660 3347 Alexandria
1703 3297 1887 3361 gistela,
1939 3297 2050 3348 also
2087 3294 2201 3347 332.
2280 3295 2394 3347 Und
2435 3296 2619 3347 msttn.

100 3365 189 3429 12,
217 3364 251 3415 3
290 3365 565 3427 beriehtet,
605 3365 731 3421 dass
764 3364 1059 3427 Alexander
1090 3366 1187 3417 der
1222 3368 1421 3417 Grosse
1460 3366 1878 3418 die-Nachricht
1911 3378 2018 3415 von
2055 3365 2180 3417 dem
2219 3364 2612 3429 Tededessel-

97 3433 210 3485 ben
247 3434 301 3482 in
334 3432 543 3482 Parthia
576 3432 813 3483 erhalten
847 3430 1003 3483 habe.
1067 3432 1136 3483 Es
1168 3434 1357 3497 gehort
1393 3434 1506 3481 also
1542 3434 1688 3482 nicht
1724 3447 1789 3483 zu
1825 3434 1928 3483 den
1951 3432 2456 3495 Unmfiglichkeitem
2493 3432 2620 3484 dass

98 3504 194 3553 die
228 3500 481 3549 Gener-ale
515 3499 836 3549 Alexander-s
867 3512 975 3548 von
1010 3499 1107 3549 der
1141 3500 1385 3549 schaz-fen
1421 3500 1762 3561 Aeusserung
1791 3501 1944 3560 jenes
1971 3500 2270 3549 Alexander
2305 3499 2620 3548 unterrich-

101 3573 187 3620 tet
223 3570 335 3619 sein
370 3568 619 3628 konnten,
655 3566 747 3616 auf
778 3567 981 3616 welche
1018 3567 1183 3615 Clitus
1219 3566 1333 3615 hier
1374 3565 1614 3628 anspielt.

242 3655 297 3717 8,
334 3655 387 3718 5,
426 3656 510 3709 38.
572 3656 795 3707 Iactis.
866 3660 915 3707 S.
958 3657 1065 3706 Liv.
1106 3652 1159 3715 5,
1203 3653 1284 3717 15,
1318 3651 1381 3703 5:
1434 3652 1571 3719 quod
1651 3652 1803 3711 rimo,
1860 3650 2000 3703 velut
2049 3660 2290 3704 temere
2339 3654 2619 3717 iactum,

100 3724 296 3795 sperni,
345 3725 539 3793 ayitari
588 3724 765 3774 deinde
810 3720 1118 3773 sermonibus
1169 3728 1398 3787 coeptum
1436 3722 1528 3771 est.
1597 3722 1613 3769 l
1659 3720 1726 3769 id.
1772 3716 1825 3779 6,
1868 3716 1947 3780 14,
1986 3718 2074 3769 11:
2123 3722 2259 3769 inter
2307 3736 2432 3787 quos
2471 3736 2623 3785 quum

102 3794 287 3845 omisso
328 3793 634 3853 discrimine,
676 3808 835 3841 vera
888 3807 967 3841 an
1019 3791 1089 3855 fa
1108 3788 1209 3841 lsa
1256 3790 1544 3851 iaceret,
1597 3786 1863 3836 thesauros
1904 3785 2090 3851 gallici
2131 3789 2248 3837 αιινί
2295 3786 2552 3837 occultari
2587 3804 2623 3837 a

96 3860 336 3932 patribus
369 3861 504 3912 iecit.
548 3862 694 3911 Curt.
734 3858 783 3919 8,
816 3856 903 3919 28,
946 3856 1039 3909 19:
1069 3856 1286 3925 probra,
1329 3870 1491 3927 quae
1523 3854 1581 3903 in
1613 3870 1692 3902 me
1729 3852 1876 3901 modo
1916 3854 2172 3904 iecisti.
2221 3854 2290 3905 Es
2327 3854 2623 3915 entspricht

102 3930 263 3982 dahei
296 3929 525 3977 iacere
557 3928 708 3979 theiis
744 3942 962 3978 unser-m
994 3926 1303 3987 hinwersen,
1338 3924 1493 3974 theiis
1534 3922 1726 3975 druckt
1762 3934 1820 3973 es
1858 3922 1976 3972 eine
2011 3920 2290 3975 feindliche
2323 3922 2622 3987 Beziehung

100 4012 272 4068 gegen
302 3997 387 4047 die
412 3996 742 4047 betreffende
762 3996 961 4045 Person
1000 4009 1115 4045 aus.
1418 4006 1423 4011 ·

240 4085 290 4150 8,
326 4084 374 4149 5,
414 4084 494 4138 41.
559 4084 1045 4136 Praeterierit.
1084 4086 1166 4135 R:
1200 4080 1489 4149 praeteriit.
1527 4108 1583 4117 —
1628 4077 1681 4141 8,
1720 4078 1771 4141 5,
1808 4076 1895 4131 42.
1943 4078 2192 4131 Attali.
2245 4080 2296 4130 S.
2331 4074 2378 4138 6,
2415 4075 2496 4142 34,
2541 4076 2620 4129 17.

104 4156 155 4219 7,
198 4154 249 4216 1,
287 4152 332 4206 3.
373 4182 431 4193 --
476 4152 524 4217 8,
555 4152 607 4217 5,
638 4150 719 4222 43.
759 4152 1137 4205 Enimvero.
1189 4152 1299 4203 Der
1336 4152 1520 4215 vorige
1560 4150 1684 4199 Satz
1722 4150 1871 4201 dient
1909 4150 2064 4208 dazu,
2096 4148 2193 4199 auf
2227 4148 2323 4199 das
2361 4147 2620 4212 folgende,

102 4224 441 4289 unglaublich
476 4222 802 4274 scheinende
837 4222 1102 4287 Ereigniss
1136 4218 1550 4287 vorzubereiten
1587 4218 1697 4269 und
1738 4220 1852 4271 sein
1893 4218 2162 4268 Eintreten
2202 4230 2268 4265 zu
2306 4216 2623 4266 rechtferti-

104 4307 222 4359 gen.
301 4292 450 4341 Also:
492 4292 605 4341 und
644 4304 706 4345 so
737 4291 793 4341 in
832 4290 928 4341 der
963 4290 1113 4348 That,
1146 4288 1257 4339 und
1297 4302 1357 4338 so
1396 4287 1697 4349 allerdings.
1740 4314 1797 4322 —
1839 4284 2008 4339 olim⁴
2040 4284 2168 4334 fehlt
2203 4282 2295 4334 bei
2329 4284 2381 4333 F.
2585 4294 2592 4299 ·

240 4378 289 4444 8,
324 4380 373 4444 5,
405 4378 487 4433 44.
546 4380 640 4435 Nc
674 4371 932 4450 positis
966 4367 1260 4445 quidem,
1295 4376 1414 4427 sed
1446 4375 1750 4427 abiectis
1836 4373 2071 4438 opulis.
2134 4375 2306 4439 Vergl.
2340 4370 2622 4425 Plin.N.H.

103 4450 187 4514 33,
228 4448 277 4513 3,
312 4448 405 4507 21;
440 4448 569 4501 alibi
606 4465 757 4517 rupea
795 4447 965 4499 inviae
1005 4446 1301 4508 caeduntur,
1336 4442 1600 4511 sedemque
1631 4392 1858 4496 trabi&
1899 4450 2116 4494 cavatae
2143 4441 2394 4511 praehere
2428 4454 2624 4505 coqun-

108 4528 204 4570 tur.
285 4516 336 4569 Is
371 4517 460 4584 qui
500 4517 681 4579 caedit,
730 4514 935 4580 funibus
970 4513 1171 4579 pendet,
1217 4519 1275 4562 ut
1304 4510 1496 4580 procul
1525 4510 1834 4563 intuentibus
1877 4511 2150 4578 species
2197 4526 2276 4561 ne
2322 4509 2626 4572 ferarum

107 4586 395 4656 quidem,
430 4584 545 4635 sed
581 4580 827 4638 alitum
860 4584 973 4648 fiat.
1016 4583 1122 4631 Cic.
1162 4582 1381 4643 Philipp.
1417 4577 1497 4642 13,
1533 4579 1618 4641 19,
1653 4576 1746 4631 43:
1785 4586 1842 4629 tu
1879 4595 1960 4636 nc
1987 4578 2148 4647 pica
2189 4575 2478 4651 quidem,
2511 4572 2627 4625 sed

101 4650 449 4724 piissimos
500 4652 723 4720 quaeris.
1074 4700 1080 4709 ,

240 4742 294 4805 8,
330 4743 379 4808 5,
414 4742 495 4797 48.
545 4743 869 4811 Spatium.
922 4742 976 4791 S.
1016 4754 1083 4791 zu
1115 4736 1165 4803 4,
1198 4734 1287 4799 60,
1326 4736 1374 4787 7.
1422 4764 1477 4775 -·-
1524 4735 1581 4800 8,
1607 4736 1664 4798 5,
1701 4734 1788 4791 49.
1831 4734 2130 4789 Clausae
2169 4742 2366 4787 erant
2405 4713 2620 4797 aurea.
