2975 5350
2598 288 2627 305 ⁴

285 368 390 432 VI.
431 366 642 433 XXII.
669 370 770 432 24.
797 370 899 437 25.
925 366 1170 432 xxm.
1193 370 1468 433 25--32
1496 366 1731 434 xxw.
1756 371 2027 435 33-36,
2054 370 2261 437 XXV.
2296 376 2388 437 ί-
2416 377 2474 438 8.
2526 376 2647 441 193

99 538 272 599 sicut
309 556 438 617 par·
465 542 621 612 erat,
661 538 902 601 cedens.
971 531 1234 618 “Igitur
1273 537 1621 601 Alexander
1658 545 1857 601 turres
1902 540 2209 605 admoveri
2250 541 2437 604 iubet:
2482 544 2645 623 ipso-

103 654 224 715 que
252 640 524 713 aspectu·
537 634 779 695 barbari
804 634 1015 711 territi,
1055 655 1089 695 e
1110 636 1301 697 muris
1323 636 1569 715 supinas
1582 656 1803 697 manus
1826 638 2157 713 tendentes,
2206 657 2385 700 orare
2424 658 2643 719 coepe-

99 738 283 806 runt,
327 732 484 792 iram
527 731 590 791 in
631 731 1080 811 Satibarzanem
1097 779 1112 807 ‚
1153 732 1509 794 defectionis
1554 739 1861 795 auctorem
1879 780 1899 808 ‚
1942 740 2308 810 reservaret,
2356 735 2644 815 supplici-

103 829 218 889 bus
262 833 467 889 semet
509 826 864 889 dedentibus
906 834 1222 907 parceret·
1283 830 1432 904 Rex,
1473 828 1615 891 deta
1652 829 1843 905 venia,
1884 848 2009 891 non
2038 830 2415 893 obsidionem
2458 833 2641 895 modo

105 924 306 1000 solvit,
343 924 462 986 sed
507 924 710 986 omnia
746 942 874 985 sua·
899 925 1118 986 incolis
1159 926 1434 987 reddidit.

291 1017 354 1061 ³⁵
371 1021 470 1083 Ab
515 1023 630 1083 hac
667 1021 820 1083 urbe
861 1020 1140 1099 digresso
1183 1020 1669 1101 supplementum
1714 1042 2013 1083 novorum
2054 1022 2309 1086 militum
2358 1028 2639 1089 occurrit.

105 1118 324 1180 Zoilus
368 1121 428 1179 D
467 1120 700 1201 equites
741 1136 819 1177 ex
867 1117 1125 1178 Graecia
1163 1118 1522 1179 adduxerat:
1579 1120 1665 1179 ,ΠΙ
1710 1120 1871 1181 milia
1912 1140 1989 1181 ex
2042 1121 2289 1201 Illyrico
2328 1122 2644 1201 Antipater

103 1216 399 1276 miserat:
446 1213 722 1276 Thessali
766 1214 1000 1294 equites
1042 1216 1096 1275 C
1141 1221 1200 1275 et
1242 1214 1446 1275 XXX
1496 1236 1634 1277 cum
1674 1216 1955 1295 Philippo
2000 1226 2199 1279 erant:
2246 1238 2321 1279 ex
2358 1220 2550 1298 Lydia
2589 1220 2643 1281 11

103 1312 272 1372 milia
319 1316 386 1372 et
416 1314 550 1385 Dc,
585 1310 942 1390 peregrinus
987 1309 1177 1387 miles,
1223 1312 1617 1372 advenerant:
1660 1312 1821 1375 CCC
1862 1314 2093 1394 equites
2134 1315 2329 1393 gentis
2374 1316 2643 1378 eiusdem

106 1408 540 1489 sequebantur.
611 1404 813 1468 3⁶Hac
853 1426 1034 1467 manu
1076 1408 1310 1469 adiecta
1331 1410 1601 1469 Drancas
1645 1410 1948 1488 pervenit:
1994 1410 2283 1475 bellicosa
2320 1412 2485 1473 natio
2522 1420 2639 1477 est:

107 1515 388 1587 satrapes
433 1511 564 1568 erat
601 1507 966 1566 Barzaentes
983 1552 1000 1580 ,
1059 1503 1307 1565 sceleris
1351 1505 1414 1565 in
1457 1524 1661 1584 regem
1714 1526 1890 1567 suum
1932 1507 2241 1587 particeps
2286 1510 2497 1571 Bessa
2580 1511 2639 1571 Is

107 1603 576 1685 suppliciorum,
619 1622 774 1683 quae
819 1606 1134 1676 meruerat,
1178 1607 1337 1663 metu
1383 1602 1657 1681 profugit
1696 1605 1759 1662 in
1800 1604 2039 1667 Indiam.

281 1700 500 1760 XXV.
587 1695 839 1759 V¹1÷¹1am
879 1710 1108 1758 nonum
1151 1698 1310 1759 diem
1363 1699 1577 1760 stativa
1622 1706 1819 1775 erant,
1870 1720 2055 1780 quum
2105 1708 2351 1763 externa
2402 1704 2463 1765 vi
2516 1725 2641 1767 non

110 1804 276 1860 tutus
315 1784 504 1857 inodo
558 1816 696 1872 rex,
758 1796 865 1857 sed
919 1794 1178 1854 invictus
1195 1842 1211 1868 ,
1263 1795 1545 1856 intestino
1588 1796 1857 1857 facinore
1908 1797 2240 1875 petebatur.
2328 1794 2641 1877 2Dimnus,

107 1894 390 1957 modicae
428 1893 590 1973 apud
635 1912 837 1972 regem
877 1890 1252 1951 auctoritatis
1291 1896 1354 1950 et
1393 1892 1639 1970 gratiae,
1676 1890 1915 1966 exoleti,
1956 1893 2055 1953 cui
2096 1892 2477 1955 Nicomacho
2512 1903 2644 1957 erat

111 2010 356 2065 nomen,
393 2008 602 2051 amore
637 1988 940 2067 flagrabat,
987 1986 1280 2065 obsequio
1327 1987 1430 2048 uni
1476 1988 1594 2049 sibi
1632 1988 1819 2049 dediti
1863 1990 2143 2067 corporis
2179 1990 2430 2061 vinctu-S.
2524 1986 2643 2067 3Is,

111 2088 278 2171 quod
323 2106 404 2147 ex
437 2087 608 2147 vultu
645 2104 888 2167 quoque
925 2082 1190 2163 perspici
1237 2090 1503 2162 poterat,
1536 2084 1748 2146 similis
1790 2084 2061 2160 attonito,
2112 2086 2359 2147 remotis
2404 2086 2643 2149 arbitris

112 2206 250 2247 cum
289 2185 510 2245 iuvene
547 2181 798 2243 secessit
840 2180 902 2241 in
945 2180 1266 2261 templum,
1317 2200 1537 2242 arcana
1572 2201 1639 2241 se
1684 2188 1747 2241 et
1782 2180 2014 2243 silenda
2052 2182 2271 2243 afferre
2318 2185 2639 2262 praefatuS,

112 2277 634 2359 ⁴²suspensumque
671 2280 1088 2357 expectatione
1130 2298 1242 2357 per
1277 2284 1545 2339 mutuam
1588 2277 1893 2339 caritatem
1940 2286 2005 2342 et
2044 2279 2299 2359 pignora
2331 2280 2643 2362 utriusque

112 2378 294 2440 animi
335 2380 530 2455 rogat,
583 2380 654 2437 ut
690 2376 950 2437 affirmet
984 2376 1388 2451 iureiurandO,
1443 2394 1601 2456 quae
1642 2375 2059 2453 commisisset,
2107 2376 2349 2437 silentio
2388 2397 2525 2439 esse
2556 2383 2643 2439 te-

115 2483 374 2539 cturam.
462 2468 488 2510 ⁵
505 2472 584 2533 Et
605 2471 706 2532 ille
728 2478 916 2547 ratae,
957 2472 1121 2548 nihil,
1163 2472 1328 2553 quod
1363 2471 1541 2533 etiam
1564 2492 1703 2533 cum
1723 2470 1991 2551 periurio
2028 2474 2431 2552 detegendum
2466 2476 2642 2559 foret,

115 2574 540 2643 indicaturum,
601 2588 713 2648 per
755 2575 1104 2648 praesentes
1145 2570 1296 2631 deos
1339 2568 1511 2630 iurat.
1602 2564 1803 2631 “Tum
1852 2568 2105 2631 Dimnus
2146 2571 2368 2650 aperit,
2424 2572 2485 2631 in
2524 2579 2643 2633 ter-

115 2672 260 2732 tium
301 2668 462 2730 diem
499 2667 630 2746 regi
675 2666 922 2728 insidias
963 2674 1368 2747 comparataS‚
1411 2685 1599 2745 seque
1643 2665 1775 2726 eius
1814 2666 2053 2726 consilii
2096 2666 2353 2728 fortibus
2394 2667 2541 2728 viris
2580 2676 2643 2730 et
2665 2717 2670 2720 ,Α

117 2767 452 2829 illustribus
495 2785 630 2827 esse
673 2764 1046 2844 participem.
1131 2761 1408 2840 ⁷Quibus
1469 2762 1701 2822 iuvenis
1758 2762 1975 2822 auditis
2028 2781 2095 2822 se
2147 2781 2295 2824 vero
2346 2764 2527 2824 fidem
2578 2765 2641 2826 iu

119 2863 446 2945 parricidio
485 2863 724 2924 dedisse
764 2867 1112 2922 constanter
1146 2860 1379 2934 abnuit,
1437 2877 1553 2918 nec
1596 2859 1719 2919 ulla
1753 2857 2079 2938 religione,
2116 2865 2183 2919 ut
2219 2858 2421 2919 scelus
2462 2865 2643 2938 tegat,

121 2982 296 3041 posse
339 2958 690 3038 constringi.
782 2952 812 2996 8
831 2957 1105 3034 Dimum,
1145 2964 1208 3020 et
1247 2975 1452 3017 amore
1498 2961 1563 3039 et
1602 2960 1767 3018 metu
1808 2975 2031 3030 amens,
2074 2954 2379 3016 dexteram
2422 2955 2645 3018 exoleti

123 3058 476 3140 complexus
519 3061 580 3117 et
633 3053 970 3130 lacrimans,
1032 3073 1208 3116 orare
1250 3053 1531 3138 primum,
1582 3059 1651 3113 ut
1688 3053 1991 3136 particeps
2032 3051 2269 3117 consilii
2320 3052 2645 3136 operisque

246 3289 298 3354 6,
339 3289 432 3352 24,
467 3287 548 3341 34.
619 3289 903 3356 Supinas
943 3305 1200 3350 manus,
1239 3291 1341 3341 wie
1376 3291 1485 3340 Liv,
1528 3287 1575 3350 3,
1618 3287 1699 3352 50,
1730 3286 1789 3338 5:
1828 3287 2121 3354 supinas
2178 3287 2453 3338 tendens
2501 3305 2645 3340 ma·-

122 3375 236 3408 nus
273 3361 588 3424 (Virginius)
625 3356 990 3406 commilitones
1027 3357 1294 3424 appellans
1335 3356 1534 3407 orabat.
1580 3384 1637 3393 —
1694 3355 2116 3405 obsidionem
2168 3355 2411 3417 solvit,
2460 3359 2561 3408 wie
2596 3355 2644 3420 4,

127 3427 195 3490 17,
231 3427 275 3478 1.
339 3429 508 3477 Sonst
533 3441 657 3476 vom
679 3427 896 3476 Entsatz
933 3427 1080 3476 eines
1115 3427 1421 3490 belagerteu
1461 3420 1681 3484 plastes,
1724 3427 1825 3474 wie
1864 3426 1969 3474 Liv.
2006 3421 2075 3474 24
2120 3421 2203 3485 41,
2246 3423 2338 3474 11:
2378 3441 2490 3474 eam
2524 3423 2645 3474 ob-

123 3495 451 3545 sidionem
485 3495 596 3543 sine
629 3493 908 3543 certamine
941 3493 1211 3548 adveniens
1237 3493 1326 3543 Cn.
1357 3493 1530 3560 Scipio
1563 3491 1791 3541 solvit.
1833 3518 1890 3528 -
1934 3489 1979 3554 6,
2018 3463 2100 3554 213,
2135 3489 2220 3542 35.
2272 3491 2390 3540 111
2426 3491 2641 3542 milia.

125 3563 242 3614 Eine
285 3563 375 3612 bei
416 3563 746 3614 Historikern
783 3561 930 3611 nicht
968 3563 1172 3612 seltene
1219 3563 1646 3624 Ungenauigkeit.
1706 3562 1754 3609 S.
1799 3557 1846 3620 5,
1893 3556 1945 3618 9,
1995 3555 2089 3610 16:
2140 3576 2238 3608 rex
2286 3558 2420 3607 Sua
2472 3558 2647 3609 urbem

125 3629 386 3680 Archelao
420 3637 468 3678 et
499 3629 818 3697 praesidium
855 3627 974 3677 111
1006 3628 1266 3678 milium
1301 3627 1531 3678 tradidit.
1599 3625 1648 3690 6,
1690 3624 1773 3690 22,
1819 3624 1893 3676 19.

252 3717 310 3780 6,
349 3715 440 3779 24,
471 3717 558 3770 36.
633 3719 976 3772 Braneus.
1053 3721 1161 3770 Aur
1192 3721 1339 3772 diese
1376 3721 1564 3772 Lesart
1601 3705 1913 3768 rubren'die
1950 3717 2144 3778 codd.;
2179 3717 2361 3767 bisher
2392 3715 2647 3784 Dranqas.

125 3789 168 3839 S.
202 3786 254 3852 8,
299 3786 383 3850 13,
428 3785 508 3839 17.
582 3791 677 3840 Die
715 3789 1036 3840 Einwohner
1072 3789 1284 3839 hcissen
1321 3781 1546 3856 Δράγγαι
1579 3788 1713 3837 oder
1756 3780 2015 3853 Σαράγγαι
2052 3785 2188 3834 nach
2236 3785 2655 3835 verschiedener

125 3857 466 3919 Aussprache
505 3858 575 3906 im
611 3859 1006 3920 Altpersischen
1057 3858 1168 3907 und
1215 3855 1653 3914 Altbaktrischen,
1706 3853 1819 3902 und
1870 3853 1990 3901 sind
2046 3853 2132 3900 die
2182 3851 2501 3900 Umwohner
2554 3853 2651 3907 des

123 3926 254 3974 Sees
295 3923 478 3973 Zareh.
523 3950 582 3961 --
624 3923 856 3984 Besso,
893 3927 996 3976 wie
1031 3923 1085 3985 6,
1119 3921 1202 3985 25,
1243 3920 1291 3973 6.
1345 3919 1393 3984 6,
1435 3919 1523 3980 39,
1560 3918 1646 3970 20.
1702 3917 1754 3979 8,
1791 3916 1873 3979 25,
1913 3917 1993 3971 10.
2052 3919 2229 3968 Etwas
2280 3918 2651 3980 verschieden,

125 4005 310 4055 wegen
348 3992 448 4041 der
486 3992 786 4055 Beziehung
821 3993 916 4042 auf
935 3992 1182 4045 desselbe
1216 3991 1383 4054 Subj.,
1418 3991 1471 4040 C.
1500 3987 1549 4052 7,
1583 3985 1635 4048 3,
1676 3985 1774 4036 21:
1828 3985 2157 4036 sermonis
2196 3982 2439 4035 adversm
2480 3987 2651 4035 maie-

124 4066 306 4108 statem
345 4065 490 4107 tuam
519 4057 683 4108 habiti
716 4057 990 4109 nullius
1031 4059 1282 4110 conscii
1317 4073 1486 4107 mmm
1525 4053 1736 4107 nobis.

255 4147 306 4211 6,
344 4147 434 4210 25,
475 4147 518 4200 1.
587 4151 803 4202 Tutus.
847 4152 930 4203 F.:
965 4150 1245 4200 interritus.
1307 4149 1609 4200 Vielleicht:
1650 4154 1867 4198 externa
1900 4147 1954 4196 οἱ
1991 4161 2094 4195 non
2124 4145 2453 4195 intactus
2488 4144 2649 4208 modo,

33 4221 42 4228 ‘
124 4219 208 4270 sed
246 4219 488 4280 invictus,
527 4219 580 4270 d.
619 4219 666 4269 h.
703 4233 777 4280 er,
817 4219 916 4270 der
945 4232 1043 4269 aus
1079 4219 1184 4268 deu
1221 4219 1498 4268 schweren
1534 4217 1791 4280 Kampfen
1828 4219 1926 4266 mit
1962 4217 2149 4267 seinen
2184 4216 2425 4278 Gegnern
2462 4216 2653 4266 immer

125 4287 467 4345 unversehrt,
501 4287 558 4348 ja
597 4287 676 4337 als
715 4288 898 4350 Sieger
934 4287 1403 4350 hervorgegongen
1440 4298 1574 4344 war,
1624 4285 1785 4335 stand
1820 4286 1955 4347 jetzt
1992 4286 2045 4332 in
2082 4282 2287 4344 Gefahr,
2332 4282 2455 4332 dem
2493 4284 2652 4334 Meu-

125 4353 438 4408 chelmorde
469 4367 576 4404 von
625 4355 724 4404 der
761 4355 915 4404 Hand
950 4357 1046 4406 der
1081 4355 1324 4418 Seinigen
1363 4368 1430 4402 zu
1467 4353 1716 4416 erliegen.
2438 4360 2444 4365 '

254 4443 304 4508 6,
345 4442 430 4508 25,
469 4443 516 4494 2.
597 4443 873 4495 Vinctus.
957 4447 1041 4495 F.:
1077 4445 1252 4495 victus.
1325 4446 1512 4495 Dieses
1547 4444 1890 4493 wurdeeine
1930 4441 2142 4490 fruhere
2184 4437 2649 4500 Gleichgultigkeit,

125 4515 266 4564 K‘alte
303 4514 442 4564 oder
481 4512 792 4578 Abneigung
827 4517 1225 4568 voraussetzen.
1297 4514 1547 4576 Dagegen
1584 4512 1720 4561 wird
1753 4509 1949 4558 vincire
1980 4507 2178 4569 gerade
2214 4504 2509 4582 besonders
2537 4519 2650 4582 ’von

125 4583 218 4632 der
254 4583 470 4633 Gewalt
505 4583 602 4632 der
643 4583 882 4646 Neigung
915 4581 1244 4646 gebraucht:
1272 4593 1338 4631 so
1375 4580 1563 4630 Tihun.
1594 4580 1655 4629 el.
1694 4576 1739 4638 1,
1779 4576 1823 4637 1,
1864 4575 1955 4626 55:
1996 4590 2084 4623 me
2126 4577 2445 4621 renuent
2483 4587 2648 4619 vnn-

125 4655 297 4700 ctum'
328 4651 596 4714 formosae
634 4648 885 4698 vincla
915 4647 1136 4715 puellae.

258 4742 314 4803 6,
356 4741 446 4802 25,
489 4739 539 4792 4.
613 4740 912 4806 Pignora
949 4740 1187 4791 utrius
1205 4753 1328 4802 que
1361 4736 1577 4787 animi
1594 4776 1605 4797 ,
1664 4737 1749 4786 die
1788 4732 2041 4792 Beweise,
2059 4729 2217 4783 lihrer
2262 4730 2653 4795 gegenscitigen

127 4813 416 4864 zartlichen
455 4811 850 4874 Gesinnungen.
893 4835 957 4846 --
992 4805 1042 4870 6,
1080 4805 1162 4868 25,
1195 4804 1242 4856 7.
1313 4804 1386 4856 [ιη
1420 4821 1458 4870 p
1473 4801 1845 4853 arrio-idio.
1917 4797 2089 4860 vex-gl.
2138 4793 2305 4929 2335,
2353 4793 2437 4858 22,
2491 4795 2537 4849 1.
