2975 5350
923 338 1060 403 vn.
1107 340 1149 404 Ι.
1191 344 1404 405 3--9.
1451 342 1529 407 ll.
1572 345 1863 407 10-15,
2532 344 2661 408 213

97 530 318 592 pauca
362 530 436 571 ex
471 509 582 584 hia,
623 528 778 589 quae
819 516 1268 590 composuerat,
1307 510 1595 589 protulit;
1638 512 1717 573 ad
1756 510 2031 573 ultimum
2072 529 2197 573 non
2224 511 2531 591 memoria
2560 532 2659 575 so-

97 610 260 683 lum,
305 607 418 669 sed
457 607 642 667 etiam
675 624 844 667 mens
883 626 1022 669 eum
1061 606 1346 669 destituit.
1425 602 1637 668 ⁹Nuni
1682 614 1811 669 erat
1850 608 2117 684 dubium,
2152 609 2295 690 quin
2340 608 2659 688 trepidatio

98 692 530 767 conscientiae
569 702 851 765 indicium
897 710 1088 778 esset,
1137 722 1262 765 non
1319 702 1647 767 memoriae
1700 704 1925 767 vitium.
2010 706 2219 785 ltaque
2263 726 2337 769 ex
2377 705 2499 781 his,
2552 694 2657 785 qui

101 800 386 881 proximi
427 800 755 875 astiterant,
795 799 1206 863 obluctantem
1249 800 1444 860 adhuc
1489 800 1783 863 oblivioni
1822 800 2051 865 lanceis
2090 803 2509 865 confoderunt.

286 899 364 959 ΙΙ.
443 891 500 934 ¹⁰
519 894 708 957 Cuius
757 914 1022 975 corpore
1059 896 1280 973 ablato,
1325 916 1433 957 rex
1477 896 1783 959 introduci
1820 898 1995 960 iussit
2036 899 2355 977 Amyntam
2398 903 2461 963 et
2502 898 2655 961 Sim-

105 997 298 1057 miam
315 1018 334 1054 :
389 1012 528 1053 nam
564 990 888 1067 Polemon,
955 991 1236 1053 minimus
1291 1012 1366 1053 ex
1423 994 1740 1070 sinti-ihm,
1796 1012 1979 1075 quum
2030 993 2323 1056 Philotam
2380 996 2655 1075 torqueri

103 1090 552 1171 comperisset,
617 1089 990 1167 profugerat.
1083 1084 1130 1127 ¹¹
1145 1088 1430 1152 Omnium
1488 1089 1759 1151 Philotae
1838 1090 2169 1153 amicorum
2231 1090 2291 1151 hi
2358 1089 2653 1151 carissimi

105 1192 392 1263 fuerant,
445 1186 522 1245 ad
575 1204 793 1263 magna
849 1192 912 1245 et
963 1187 1258 1247 honorata
1313 1186 1643 1250 ministeria
1702 1186 1865 1247 illius
1921 1186 2175 1248 maxime
2226 1177 2653 1266 suffragatione

105 1283 440 1365 producti3
497 1282 966 1363 memineratque
1002 1304 1142 1355 rex,
1183 1301 1420 1343 summo
1461 1282 1663 1344 studio
1707 1282 1783 1343 ab
1818 1302 1897 1342 eo
1938 1283 2293 1345 conciliatos
2338 1282 2485 1358 sibi,
2538 1302 2653 1345 nec

106 1380 464 1455 dubitabat,
505 1379 684 1441 huius
725 1396 968 1459 quoque
1009 1378 1206 1441 ultimi
1247 1377 1486 1439 consilii
1526 1377 1713 1439 fuisse
1754 1378 2099 1458 participes.
2183 1375 2232 1419 ¹²
2250 1378 2469 1458 Igitur,
2506 1378 2653 1441 olim

105 1478 236 1540 sibi
277 1496 416 1539 esse
459 1481 778 1555 suspectos
813 1475 1020 1537 matris
1057 1492 1204 1535 suae
1243 1472 1460 1535 litteris
1477 1522 1495 1549 ,
1552 1474 1771 1554 quibus
1817 1483 1979 1537 esset
2018 1476 2357 1539 admonitus
2378 1524 2393 1551 ,
2458 1482 2523 1537 ut
2574 1478 2653 1537 ab

107 1578 208 1637 his
251 1574 512 1637 salutem
557 1592 728 1635 suam
785 1576 1072 1633 tueretur.
1157 1570 1444 1631 Ceterum
1500 1590 1569 1631 se
1628 1570 1876 1633 invitum
1928 1571 2235 1633 deteriora
2290 1574 2653 1649 credentem,

105 1694 278 1735 nunc
325 1669 656 1731 manifestis
693 1666 928 1729 indiciis
992 1667 1214 1728 victum
1234 1715 1247 1741 ,
1305 1666 1555 1729 iussisse
1606 1667 1837 1731 vinciri.
1916 1664 2135 1731 13Νειιῐι
2184 1668 2409 1746 pridie,
2472 1685 2653 1751 quam

109 1772 508 1849 detegeretur
546 1764 814 1825 Philotae
859 1762 1062 1825 scelus
1078 1812 1093 1839 ,
1149 1762 1294 1843 quin
1357 1769 1597 1825 secreto
1650 1784 1789 1825 cum
1838 1784 1915 1825 eo
1961 1764 2247 1839 fuissent,
2308 1784 2432 1825 non
2469 1785 2653 1843 posse

109 1864 398 1928 dubitari.
483 1864 758 1923 Fratrem
804 1876 952 1921 vero
970 1906 986 1934 ,
1041 1858 1144 1939 qui
1189 1858 1559 1937 profugerit,
1614 1878 1797 1937 quum
1844 1860 1919 1921 de
1959 1860 2197 1921 Philota
2248 1865 2654 1940 quaereretur,

109 1962 438 2043 aperuisse
476 1960 654 2037 fugae
693 1970 954 2018 causam.
1030 1949 1308 2034 ¹‘²Nuper
1364 1960 1606 2033 praeter
1666 1956 2161 2017 consuetudinem
2216 1956 2401 2017 officii
2444 1958 2651 2036 specie

109 2059 336 2121 amotis
377 2056 620 2135 longius
677 2052 894 2115 ceteris
953 2051 1290 2113 admovisse
1331 2050 1693 2129 semetipsos
1734 2050 1907 2113 lateri
1966 2070 2081 2113 suo
2136 2050 2303 2111 nulla
2350 2052 2653 2131 probabili

113 2175 334 2217 causa:
393 2171 582 2234 seque
627 2150 940 2211 mirantem
955 2194 971 2223 ‚
1031 2147 1200 2227 quod
1236 2165 1362 2207 non
1402 2147 1539 2209 vice
1558 2136 1691 2210 'sua
1724 2146 1829 2207 tali
1866 2148 2262 2227 fungerentur
2300 2147 2533 2225 officie,
2592 2156 2653 2210 et

111 2256 246 2333 ipsa
283 2248 692 2329 trepidatione
737 2264 948 2308 eorum
993 2242 1396 2324 perterritum,
1439 2252 1687 2304 strenue
1724 2243 1803 2303 ad
1832 2244 2183 2321 armigeroS,
2226 2242 2329 2324 qui
2376 2244 2651 2323 proxime

113 2350 560 2431 sequebantur,
619 2344 964 2408 recessisse.
1042 2334 1204 2398 ¹⁵Ad
1241 2339 1390 2399 haec
1432 2340 1755 2415 accedere,
1802 2340 1997 2420 quod,
2037 2358 2225 2420 quum
2262 2338 2651 2419 AntiphaneS,

115 2447 318 2509 scriba
356 2442 626 2524 equitum
643 2490 659 2517 ,
701 2439 998 2517 Amyntae
1041 2435 1448 2498 denuntiasset
1489 2434 1685 2513 pridie
1702 2483 1717 2510 ,
1758 2456 1935 2515 quam
1979 2436 2251 2497 Philotae
2306 2437 2509 2497 scelus
2550 2436 2653 2497 de-

116 2544 490 2625 prehensum
529 2542 830 2613 esset,·ut
869 2554 946 2595 ex
981 2532 1106 2595 suis
1151 2530 1320 2612 equis
1358 2549 1529 2594 more
1576 2530 1759 2593 solito
1798 2530 1967 2593 daret
2001 2532 2124 2606 his,
2166 2531 2271 2611 qui
2299 2532 2651 2607 amisissent,

115 2640 384 2722 superbe
431 2633 850 2716 respondisse,
906 2628 1022 2693 nisi
1059 2628 1302 2709 incepto
1341 2626 1687 2704 desisteret,
1746 2625 1915 2690 brevi
1956 2626 2279 2704 sciturum,
2342 2628 2477 2708 quis
2520 2628 2649 2708 ipse

119 2925 220 2974 Ea:
269 2922 342 2974 1ιί
357 2938 402 2972 s.
455 2923 562 2972 Das
593 2919 786 2972 Fehlen
827 2918 926 2968 des
951 2913 1344 2980 Hauptbegriffs
1382 2913 1467 2964 bei
1509 2911 1606 2962 der
1646 2911 1933 2974 partitiven
1956 2910 2337 2961 construction
2375 2910 2445 2962 ist
2464 2910 2647 2960 seiten.

123 2997 168 3044 S.
192 3008 256 3043 zu
289 2993 344 3042 C.
371 2987 422 3052 3,
451 2987 533 3050 31,
570 2986 662 3040 17:
707 2985 823 3035 inde
861 3001 933 3033 ecc
973 2982 1284 3052 captivis
1320 2977 1755 3047 spadonibus,
1793 2977 1903 3044 quis
1944 2975 2245 3028 Aleoeander
2286 2984 2427 3039 esset,
2462 2993 2650 3026 inon-

120 3056 532 3110 strantibus.
573 3057 694 3106 Tac.
735 3067 855 3104 ann.
893 3051 936 3113 1,
977 3049 1067 3101 77:
1106 3049 1361 3099 occisis
1397 3063 1502 3096 non
1534 3045 1681 3096 modo
1716 3063 1743 3094 e
1775 3043 2001 3112 plebe,
2039 3045 2128 3094 sed
2158 3043 2401 3094 militibus
2440 3051 2487 3093 et
2527 3061 2650 3094 cen-

123 3131 340 3187 turione,
399 3123 670 3174 vulnerato
712 3120 913 3170 tribuno
952 3119 1250 3186 praetoriae
1294 3115 1535 3166 cohortis.
1574 3142 1637 3151 —
1689 3113 2009 3180 proximi.
2065 3113 2154 3163 R:
2200 3113 2453 3179 proxime.
2512 3114 2561 3162 S.
2601 3110 2648 3173 3,

121 3193 196 3258 24,
233 3193 294 3245 7:
343 3193 468 3242 hade
494 3189 800 3258 proximi
834 3185 1116 3236 stabant
1156 3185 1346 3236 Coenos
1381 3191 1430 3234 et
1460 3182 1751 3232 Perdiccas.
1799 3180 1880 3244 10,
1910 3178 1991 3244 20,
2033 3178 2111 3232 19.
2146 3178 2198 3240 8,
2225 3179 2273 3243 5,
2300 3177 2379 3232 40.
2418 3179 2467 3242 3,
2488 3179 2539 3239 7,
2570 3178 2649 3230 13.

125 3293 180 3300 -
217 3261 698 3313 obluctantem
738 3253 1102 3305 oblivioni.¹
1177 3255 1344 3318 Vergl.
1384 3249 1432 3315 6,
1475 3249 1559 3314 23,
1600 3249 1695 3300 27.-
1728 3257 1787 3299 ut
1822 3257 1936 3299 erat
1972 3249 2181 3307 animi
2217 3265 2411 3316 semper
2454 3245 2648 3297 oblu-

122 3331 398 3382 ctantis
440 3321 1015 3391 difficultatibus.

247 3420 300 3486 7,
341 3418 398 3482 2,
440 3417 522 3470 10.
590 3414 870 3468 Ablata.
931 3415 1016 3463 F.:
1061 3410 1276 3462 sublato.
1325 3437 1381 3448 -
1426 3408 1794 3476 Amyntam.
1855 3411 1904 3460 S.
1943 3405 1990 3469 4,
2026 3405 2113 3468 28,
2151 3405 2231 3458 30.
2291 3405 2340 3469 5,
2380 3404 2433 3467 6,
2470 3403 2553 3457 40.
2602 3407 2648 3469 5,

123 3489 167 3552 7,
189 3489 222 3541 3
283 3517 348 3527 -
393 3485 733 3536 Simmiam.
789 3483 1038 3534 Simmias
1072 3483 1144 3532 ist
1178 3479 1317 3529 wohl
1347 3477 1595 3530 derselbe
1620 3477 1946 3537 S.,welcher
1969 3475 2057 3528 die
2080 3471 2197 3534 τάξ
2218 3491 2271 3532 ις
2309 3475 2406 3526 des
2442 3476 2652 3538 Amyn-

124 3563 199 3610 tas
236 3555 657 3616 commandirte,
707 3553 784 3602 als
821 3551 1000 3602 dieser
1047 3549 1184 3599 nach
1219 3547 1569 3597 Macedonica
1616 3545 1687 3593 ad
1729 3543 2104 3609 inquisitionem
2138 3558 2385 3592 novorum
2437 3540 2653 3591 militum

125 3627 403 3689 geschickt
435 3637 564 3673 war.
603 3647 659 3657 —
699 3618 1135 3686 profugerat.
1217 3613 1358 3664 Aber
1392 3615 1538 3663 nicht
1570 3613 1741 3662 allein.
1808 3613 1857 3660 S.
1900 3607 1953 3674 6,
1985 3608 2067 3672 42,
2097 3607 2181 3660 20.
2227 3609 2277 3672 7,
2309 3606 2358 3672 6,
2400 3605 2449 3660 4.

252 3716 310 3777 7,
352 3713 406 3777 2,
450 3711 528 3764 13.
599 3712 904 3762 Secreto.
959 3709 1043 3757 F.:
1101 3706 1159 3755 in
1192 3711 1404 3754 secreto.
1481 3701 1690 3751 Secreto
1729 3701 1897 3752 heisst
1938 3701 2304 3764 gewohnlich:
2344 3700 2651 3762 insgeheim‚

127 3785 396 3841 heimlich,
447 3781 504 3830 in
539 3785 761 3830 secreto:
825 3792 894 3828 an
941 3777 1118 3826 ciuem
1151 3773 1444 3838 gebeimen,
1500 3768 1859 3834 abgelegenen
1900 3770 2011 3830 Ort,
2068 3769 2125 3816 in
2184 3767 2281 3818 der
2310 3767 2651 3825 Einsamkeit,

129 3854 348 3904 einsam.
425 3851 529 3900 Fur
575 3848 634 3896 iu
681 3852 876 3896 secreto
921 3843 1085 3908 vergi.
1123 3842 1232 3891 Liv.
1270 3836 1355 3901 26,
1397 3835 1478 3900 19,
1514 3835 1571 3886 5;
1618 3835 1918 3903 plerumque
1961 3831 2101 3884 solus
2148 3832 2231 3882 ἐπ’
2264 3839 2533 3882 secreto
2580 3831 2655 3882 ibi

130 3923 212 3980 (im
251 3918 500 3980 rempei)
538 3923 729 3982 tempus
771 3917 976 3970 tereret,
1029 3924 1098 3961 an
1134 3909 1310 3958 ciuem
1345 3907 1635 3966 einsamen,
1688 3902 2117 3966 abgesonderten
2158 3903 2253 3950 Ort
2307 3902 2383 3950 im
2414 3901 2650 3963 Tempel.

129 3989 240 4039 wie
274 3986 392 4038 nah
425 3985 680 4036 indessen
719 3981 880 4032 beide
913 3977 1276 4030 Redensarten
1309 3973 1567 4024 einander
1596 3973 1849 4022 kommen
1888 3973 2123 4030 konnen,
2179 3967 2404 4022 beweist
2442 3967 2653 4031 beson-

132 4057 360 4108 sonders
393 4054 540 4102 Curt.
577 4049 658 4111 10,
693 4045 748 4109 4,
781 4046 876 4099 29:
930 4061 1046 4094 reus
1087 4044 1152 4092 in
1187 4048 1460 4093 secreto
1513 4037 1780 4106 agebatur,
1820 4035 2025 4088 latentis
2082 4034 2284 4096 'ev-iculi
2327 4035 2552 4102 tynam.
2594 4062 2649 4072 —

133 4139 258 4172 cum
293 4135 384 4172 eo.
420 4121 500 4170 F.:
537 4117 704 4168 cumi
763 4133 810 4164 o.
851 4143 909 4152 —
951 4113 1026 4162 de
1060 4110 1343 4161 Philota
1387 4114 1857 4174 quaereretur.
1910 4107 1995 4158 R:
2090 4103 2278 4155 hilotas
2320 4110 2653 4171 torqueretur.

132 4191 295 4256 vergi.
335 4185 388 4250 6,
429 4183 514 4249 42,
553 4185 638 4236 20.
712 4220 732 4246 ,
769 4181 818 4246 2,
863 4181 942 4232 10.

254 4281 314 4341 7,
357 4277 412 4339 2,
451 4275 528 4327 14.
601 4275 652 4325 Ν
665 4290 746 4325 on
777 4273 929 4323 viee
961 4286 1086 4320 sua
1115 4272 1187 4320 ist
1221 4269 1300 4318 als
1339 4266 1617 4318 absoluter
1640 4263 1847 4317 Ablativ
1884 4280 1953 4316 zu
1986 4267 2249 4318 nahmen:
2282 4264 2539 4317 wahrend
2578 4267 2654 4314 sie

137 4351 212 4401 die
238 4349 410 4402 Reihe
445 4346 595 4396 nicht
634 4343 754 4404 trat,
791 4353 982 4392 ausser
1013 4338 1110 4389 der
1155 4337 1330 4388 Reihe.
1403 4336 1581 4386 Daher
1622 4337 1767 4386 steht
1798 4335 1939 4385 auch
1986 4335 2077 4385 die
2112 4337 2367 4398 Negation
2418 4345 2550 4396 ganz
2585 4343 2651 4378 an

137 4419 267 4469 ihrer
305 4415 487 4475 steno,
522 4412 701 4463 indem
735 4409 834 4460 der
867 4421 1036 4472 ganze
1067 4404 1265 4469 Begriff
1297 4405 1472 4466 negirt
1506 4403 1659 4452 wird.
1698 4429 1755 4439 -
1793 4401 2113 4468 proxime.
2151 4403 2232 4451 R:
2264 4399 2503 4468 promi.
2549 4399 2655 4448 Das

139 4486 318 4536 warde
359 4484 607 4534 heissen:
666 4493 736 4529 zu
773 4478 898 4528 den
927 4473 1302 4536 Bewaffneten,
1335 4471 1539 4522 welche
1573 4471 1833 4522 zunachst
1870 4469 2081 4531 folgten.

263 4575 320 4637 7,
357 4572 410 4636 2,
448 4571 532 4623 15.
600 4566 700 4618 Aa
743 4567 924 4616 haec.
1001 4567 1165 4614 Sonst
1206 4561 1278 4612 ad
1331 4559 1439 4610 hoc.
1508 4561 1559 4610 S.
1607 4556 1655 4623 4,
1695 4557 1783 4617 30,
1818 4556 1896 4608 13.
1951 4583 2009 4595 --
2065 4554 2300 4608 scriba
2346 4554 2656 4620 equitum.

143 4643 220 4694 sie
255 4645 446 4695 hatten
483 4635 572 4691 die
607 4639 788 4688 Listen
819 4634 960 4684 uber
993 4633 1084 4683 die
1123 4631 1376 4682 Sotdaten
1419 4629 1536 4679 und
1572 4627 1671 4679 das
1701 4626 1939 4678 Materia}
1976 4637 2041 4674 zu
2087 4625 2290 4684 ruht-en,
2342 4621 2479 4673 uber
2512 4625 2661 4673 Aus—

143 4709 270 4772 gabe
305 4711 421 4764 und
456 4707 750 4762 Einnahme
783 4703 1073 4766 Reebnung
1108 4713 1176 4750 zu
1205 4699 1416 4757 tuhren,
1456 4695 1569 4747 und
1606 4697 1737 4746 ahnl.
1778 4721 1839 4731 -
1888 4692 2298 4744 amisissent.
2341 4691 2422 4742 F.:
2456 4689 2663 4742 amuis-

144 4786 246 4827 sent
287 4795 420 4829 suos.
500 4775 740 4828 Andere:
796 4769 1189 4820 amisissent
1238 4779 1452 4834 equos.
1497 4789 1553 4802 -
1600 4760 2055 4829 respondisse.
2129 4761 2423 4832 Heusinger
2462 4759 2669 4814 emend.
