2975 5350
341 322 470 391 me
1088 310 1104 322 '
1275 318 1356 403 Q.
1413 319 1693 383 cun‘rn
1736 320 1931 385 num

347 514 528 559 aures
571 493 960 573 obstrepente
1001 492 1108 555 ira.
1193 490 1400 573 Itaque
1433 492 1735 573 impotens
1782 492 1963 555 animi
1999 493 2311 573 procurrit
2346 490 2410 554 in
2448 492 2665 573 regiae
2712 494 2897 569 vesti-
2947 504 2948 541 ἒ

345 593 553 656 bulum
569 640 586 667 ,
649 596 710 653 et
748 590 916 670 vigili
957 588 1278 652 excubanti
1311 590 1480 651 hasta
1523 589 1723 652 ablata
1737 638 1753 665 ,
1802 590 2073 655 constitit
2108 590 2173 651 in
2208 590 2371 651 editu
2388 638 2404 666 ,
2456 610 2581 670 quo
2624 610 2893 653 necesse
2947 638 2948 673 3

345 695 476 751 erat
507 688 618 765 bis,
663 686 770 769 qni
814 686 992 749 simul
1029 689 1430 747 coenaverunt
1446 733 1462 761 ,
1506 686 1733 765 egredi.
1812 682 1871 727 ⁵⁰
1886 686 2177 749 Abierant
2214 686 2417 748 ceteri.
2504 688 2719 749 Clitus
2764 688 2895 749 ulti-
2947 690 2948 771 ᾗ

343 804 480 848 mus
518 786 648 847 sine
687 783 914 845 lumine
953 781 1170 846 exibat.
1261 782 1458 857 Quem
1502 800 1628 857 rex,
1668 781 1941 863 quisnam
1984 790 2162 860 esset,
2200 784 2551 863 interrogat.
2643 785 2885 846 Emine
2947 778 2948 867 J

344 882 450 944 bat
481 882 657 943 etiam
699 880 758 941 in
799 898 955 941 voce
989 879 1275 953 sceleris,
1315 876 1483 957 quod
1530 878 1809 957 parabat,
1850 880 2153 941 atrocitas.
2228 876 2277 919 ⁵¹
2291 881 2369 941 Et
2418 879 2522 941 ille
2578 882 2711 943 iam
2776 902 2895 943 nou

347 998 510 1055 nae,
555 978 664 1040 sed
685 977 848 1057 regis
885 976 1010 1037 irae
1055 994 1304 1051 memor,
1345 974 1569 1035 Clitum
1610 994 1745 1036 esse
1792 981 1853 1036 et
1896 976 1971 1037 de
2008 974 2291 1037 convivio
2332 975 2499 1037 exire
2542 979 2892 1057 respondit.

345 1071 582 1137 ”Haec
621 1072 878 1135 dicentis
913 1072 1072 1135 latus
1115 1073 1283 1133 hasta
1321 1070 1615 1134 transfixit
1654 1072 2083 1153 morientisque
2135 1071 2425 1151 sang-uine
2478 1092 2819 1153 aspersus,
2860 1075 2903 1133 I

343 1192 534 1247 nunc,
575 1169 786 1251 inquit,
827 1170 918 1231 ad
953 1168 1314 1248 Philippum
1349 1176 1410 1229 et
1451 1170 1925 1230 Parmenionem
1964 1176 2028 1229 et
2068 1168 2370 1230 Attalum.
2947 1174 2948 1251 3

517 1268 618 1329 Vl.
713 1259 792 1311 ¹¹2¹
819 1264 974 1327 Male
1007 1264 1282 1327 humanis
1331 1264 1587 1343 ingeniis
1630 1270 1845 1328 natura
1906 1262 2235 1341 consuluit,
2304 1266 2471 1346 quod
2516 1266 2891 1347 plerumque

345 1386 472 1429 non
499 1366 716 1441 futura,
757 1363 868 1426 sed
897 1366 1197 1423 transacta
1224 1360 1671 1441 perpendimus.
1730 1362 1975 1442 Quippe
2012 1380 2137 1438 rex,
2180 1366 2503 1442 postquam
2547 1362 2645 1423 ira
2691 1374 2889 1425 mente
2947 1354 2948 1423 ξ

347 1465 719 1537 decesserat,
757 1460 936 1525 etiam
973 1456 1262 1519 ebrietate
1309 1458 1581 1519 discussa
1598 1504 1613 1533 ‚
1660 1457 2125 1536 magnitudinem
2170 1457 2455 1519 facinoris
2518 1477 2671 1521 sera
2716 1461 2890 1521 aesti-
2947 1448 2948 1543 ᾗ

345 1562 608 1623 matioue
651 1554 976 1637 perspexit.
1060 1548 1364 1615 ²Videbat
1403 1560 1551 1616 tunc
1596 1554 1920 1616 immodica
1958 1554 2235 1617 libertate
2264 1556 2538 1631 abusum,
2582 1556 2709 1616 sed
2745 1556 2890 1617 alio-
2947 1590 2948 1611 κ

347 1658 492 1741 quin
533 1654 838 1736 egregium
884 1649 1052 1711 bello
1097 1648 1294 1711 virum
1309 1700 1323 1726 ,
1379 1656 1441 1711 et
1481 1649 1597 1710 nisi
1634 1649 2023 1714 erubesceret
2068 1652 2282 1728 fateri,
2329 1657 2717 1714 servatorem
2778 1653 2889 1728 sui,

347 1754 634 1819 occisum.
719 1746 1088 1811 Detestabile
1133 1746 1430 1807 carnificis
1482 1746 1875 1809 ministerium
1924 1756 2331 1827 occupaverat
2365 1768 2493 1826 rex,
2547 1750 2887 1812 verborum
2947 1750 2948 1767 ¹

345 1850 665 1924 licentiam,
711 1868 866 1931 quae
905 1846 1048 1909 vino
1092 1848 1332 1925 poterat
1371 1842 1688 1921 imputari,
1734 1844 2003 1905 nefanda·
2036 1844 2221 1906 caede
2280 1845 2459 1908 ultus.
2550 1842 2887 1907 ³Manabat
2947 1860 2948 1921 ζ

345 1956 478 2011 toto
515 1945 815 2008 vestibulo
859 1961 1044 2005 cruor
1083 1939 1271 2020 paulo
1315 1944 1452 2000 ante
1483 1940 1805 2001 convivae:
1850 1940 2066 2026 vigiles
2108 1941 2344 2003 attoniti
2386 1946 2449 2003 et
2490 1943 2887 2021 stupentibus
2947 1938 2948 2001 j

347 2044 572 2107 similes
587 2042 832 2122 ·procul
867 2039 1134 2113 stabant,
1179 2035 1651 2117 liberioremque
1710 2036 2137 2116 poenitentiam
2194 2036 2461 2101 solitudo
2514 2039 2887 2117 excipiebat.
2947 2036 2948 2087 i

346 2137 547 2219 *Ergo
587 2140 818 2200 hastam
861 2156 938 2197 ex
981 2150 1245 2213 corpore
1305 2131 1555 2193 iacentis
1608 2134 1873 2195 evolsam
1934 2134 2183 2197 retorsit
2232 2135 2293 2195 in
2356 2141 2575 2207 semet3
2640 2135 2886 2217 iamque

345 2238 696 2299 admoverat
736 2231 1004 2314 pectori,
1057 2248 1242 2311 quum
1294 2227 1579 2288 advolent
1620 2229 1831 2309 vigiles
1886 2236 1947 2291 et
1986 2234 2343 2310 repugnanti
2382 2252 2417 2293 e
2460 2230 2751 2294 manibus
2788 2252 2885 2293 ex·

345 2336 634 2414 torquent
679 2329 1116 2409 allevatumque
1155 2324 1218 2386 in
1263 2323 1715 2385 tabernaculum
1762 2325 2055 2389 deferunt.
2144 2323 2171 2365 ⁵
2184 2327 2293 2389 Ille
2332 2329 2493 2389 humi
2530 2337 2885 2407 prostrave-

347 2436 439 2489 rat
475 2444 702 2503 corpus
721 2472 736 2499 ‚
787 2422 1012 2503 gemitu
1045 2410 1396 2501 ‘eiulatuque
1439 2420 1771 2481 miserabili
1820 2428 2007 2483 totam
2048 2443 2400 2501 personans.
2426 2424 2686 2504 regiam.
2776 2428 2883 2486 La-

343 2524 513 2590 niare
551 2520 766 2581 deinde
809 2537 883 2580 os
921 2516 1222 2597 unguibus
1265 2521 1327 2577 et
1363 2515 1821 2579 circumstantes
1860 2538 2095 2597 rogare,
2140 2539 2217 2581 ne
2261 2540 2327 2582 se
2370 2518 2538 2582 tanto
2586 2521 2881 2582 dedecori

347 2617 730 2700 superstitem
771 2634 906 2678 esse
947 2618 1311 2696 paterentur.
1401 2606 1605 2673 ⁶1nter
1652 2614 1759 2676 has
1806 2634 2021 2694 preces
2076 2622 2205 2678 tota
2256 2636 2381 2680 nox
2440 2624 2724 2680 extracta
2776 2624 2881 2680 est.
2947 2618 2948 2657 ³

347 2718 866 2795 swutantemque,
910 2731 1054 2773 num
1092 2711 1184 2772 ira
1231 2711 1482 2772 deorum
1524 2711 1601 2770 ad
1647 2717 1877 2774 tautum
1918 2713 2089 2773 nefas
2134 2725 2303 2776 actus
2344 2721 2521 2791 esset,
2566 2717 2745 2778 subit
2786 2735 2881 2777 an-

347 2812 748 2875 nivei-sarium
789 2809 1150 2874 sacrificium
1185 2807 1408 2869 Libero
1448 2807 1603 2886 patri
1640 2826 1765 2868 non
1808 2827 1941 2870 esse
1977 2809 2275 2870 redditum
2316 2817 2541 2872 statuto
2580 2817 2709 2874 tem
2712 2833 2879 2892 pore.
2947 2795 2948 2850 ss

343 2913 554 2991 {taque
573 2908 730 2968 inter
751 2907 954 2968 vinum
993 2912 1056 2966 et
1093 2903 1304 2984 epulas
1343 2904 1531 2965 caede
1570 2904 1905 2982 commissa,
1948 2906 2095 2965 iram
2134 2906 2235 2966 dei
2270 2906 2455 2968 fuisse
2480 2908 2878 2970 manifestam.
2947 2927 2948 2962 ἑ

347 3005 670 3070 'Ceterum
711 3002 900 3081 magis
947 3021 1022 3062 eo
1060 3000 1432 3075 movebatur,
1479 3001 1647 3081 quod
1680 3002 1945 3063 omnium
1992 3003 2325 3064 amicorum
2364 3002 2601 3064 animos
2634 3005 2879 3066 videbat
2947 3009 2948 3066 ἶ

345 3100 662 3175 attonitos:
705 3098 1004 3159 neminem
1023 3117 1164 3158 cum
1203 3097 1342 3174 ipso
1385 3096 1623 3156 sociare
1664 3116 2003 3159 sermonem
2052 3105 2267 3176 postea
2302 3117 2625 3160 ausurumz
2668 3102 2881 3161 viven-
2947 3095 2948 3098 ’

347 3199 492 3258 dum
529 3213 662 3255 esse
707 3195 770 3254 in
813 3192 1136 3254 solitudine
1175 3191 1341 3250 velut
1387 3191 1552 3252 ferae
1584 3193 1823 3254 -bestiae
1843 3241 1859 3272 ‚
1919 3195 2167 3256 terrenti
2205 3194 2352 3256 alias
2371 3244 2387 3272 ,
2430 3196 2578 3257 alias
2624 3197 2880 3258 timenti.
2947 3265 2948 3268 Ἴ

345 3291 593 3354 8Prima
631 3288 848 3350 deinde
887 3287 1026 3348 luce
1063 3286 1450 3348 tabernaculo
1500 3307 1742 3365 eorpuS,
1782 3289 1943 3353 sicut
1980 3292 2175 3355 adhuc
2214 3297 2528 3354 cruentum
2570 3297 2723 3368 erat,
2761 3294 2883 3354 ius·

347 3389 426 3450 sit
465 3385 691 3448 inferri.
780 3389 920 3464 Quo
952 3382 1156 3462 posito
1197 3390 1334 3443 ante
1378 3381 1593 3460 ipsum,
1636 3383 1897 3448 lacrimis
1940 3387 2191 3462 obortiS,
2239 3389 2445 3465 Hanc,
2483 3389 2709 3470 inquit,
2760 3411 2880 3448 nu-

347 3485 498 3548 trici
515 3503 684 3544 meae
697 3482 978 3560 gratiam
1003 3479 1236 3558 rettuli,
1277 3480 1457 3540 cuius
1496 3479 1619 3540 duo
1646 3481 1790 3560 filii
1819 3482 1994 3562 apud
2019 3483 2314 3545 Miletum
2336 3502 2463 3565 pro
2501 3504 2639 3546 mea
2660 3489 2879 3564 gloria

349 3719 456 3773 Cic.
493 3719 648 3770 Tusc.
691 3713 740 3779 4,
778 3714 829 3778 1,·
858 3711 922 3766 2:
979 3714 1092 3781 quis
1129 3721 1217 3776 est,
1257 3711 1345 3780 qut
1372 3721 1530 3780 putat
1549 3743 1610 3751 —-
1630 3721 1923 3778 nostrorum
1958 3715 2219 3766 ›hominum
2252 3714 2326 3765 ad
2360 3717 2721 3781 (Pythagorae
2763 3719 2877 3782 Py-

347 3787 850 3852 thagoreorumque)
905 3782 1221 3833 doctissimas
1270 3798 1417 3831 voces
1462 3798 1659 3833 aures
1713 3782 1993 3834 clausas
2038 3785 2269 3848 fuisse.
2346 3785 2460 3835 Und
2506 3785 2607 3836 der
2658 3789 2876 3851 Gegen-

349 3861 464 3906 satz
498 3869 541 3905 z.
582 3855 635 3904 B.
677 3852 767 3904 bei
808 3853 913 3904 Cic.
974 3851 1043 3902 ad
1082 3853 1258 3912 Quint.
1306 3849 1450 3900 fratr.
1497 3848 1541 3914 1,
1582 3849 1631 3912 1,
1666 3848 1719 3911 8,
1760 3849 1856 3902 25:
1902 3858 2147 3917 patere
2190 3868 2389 3902 aures
2446 3859 2601 3902 tuas
2651 3853 2878 3919 querelis

346 3922 578 3985 omnium,
616 3935 744 3972 vom
765 3921 953 3970 Pretor
1005 3923 1204 3983 gesagt.
1244 3945 1302 3956 ·-
1362 3919 1749 3983 procurrit.
1808 3920 1891 3970 F.:
1939 3921 2225 3986 percurrit.
2292 3921 2443 3970 Ohne
2488 3922 2877 3976 wesentlichen

345 3989 712 4048 Unterschied,
764 3987 1086 4038 fortsturzen
1127 3987 1260 4036 oder
1298 3984 1547 4036 hineilen.

480 4078 535 4140 8,
570 4075 618 4141 6,
664 4076 707 4128 1.
777 4075 898 4126 Ira
934 4083 1141 4125 mente
1175 4074 1591 4144 decesserat.
1659 4075 1833 4139 Vergl.
1870 4077 2077 4126 Terent.
2114 4077 2308 4142 Hecyr.
2350 4075 2401 4141 3,
2439 4075 2487 4140 5,
2528 4076 2623 4128 55:
2666 4078 2874 4128 dece—

285 4194 291 4198 .
347 4147 461 4196 det
489 4148 604 4196 ira
638 4144 790 4194 haec.-
828 4144 925 4192 etsi
959 4143 1139 4192 merito
1175 4143 1343 4192 iratus
1383 4149 1472 4192 est.
1512 4168 1590 4178 —·
1616 4141 1949 4193 discussa.
2009 4145 2062 4194 S.
2102 4159 2174 4194 zu.
2206 4141 2255 4208 6,
2293 4143 2376 4208 31,
2414 4143 2496 4196 22.
2544 4173 2603 4182 —
2646 4144 2701 4208 8,
2738 4145 2787 4210 6,
2826 4144 2873 4196 9.
2947 4167 2948 4208 j

345 4207 795 4280 'AlioquinFa
831 4209 1043 4277 alioqui.
1069 4237 1126 4247 -—
1154 4206 1208 4270 8,
1234 4209 1282 4274 6,
1305 4207 1353 4262 3.
1391 4209 1827 4276 Exeipiebat.
1871 4212 1922 4262 F.
1943 4212 2080 4262 nach
2102 4213 2277 4276 Conj.·
2318 4211 2563 4264 exet-ebat.
2592 4241 2650 4251 —
2680 4212 2732 4277 8,
2754 4211 2803 4277 6,
2823 4212 2871 4265 5.

351 4283 583 4332 Totam
605 4295 976 4348 personans
1013 4278 1285 4345 regiam.
1329 4278 1381 4328 F.
1422 4277 1561 4328 nach
1598 4279 1779 4342 Conj.:
1824 4286 1935 4328 tota
1963 4287 2274 4346 personante
2308 4281 2466 4348 regia.
2528 4281 2627 4332 Die
2667 4284 2874 4334 transi-

347 4353 454 4402 tive
493 4350 806 4412 Bedeutung
844 4349 916 4398 ist
955 4345 1304 4406 dichterisch3
1346 4359 1387 4396 s.
1421 4343 1561 4409 Virg.
1591 4347 1715 4396 Aen.
1750 4343 1800 4408 6,
1837 4343 2109 4399 417.418=
2156 4345 2493 4399 Cerberus
2525 4347 2656 4402 baec
2694 4351 2874 4415 inqens

348 4417 616 4468 latratu
648 4431 858 4482 reqna
894 4413 1183 4477 trifauci
1222 4411 1587 4474 Personae,
1626 4413 1837 4463 adverso
1877 4414 2127 4464 recubans
2161 4415 2397 4465 immanis
2434 4417 2491 4465 in
2530 4423 2703 4466 antro,
2777 4419 2875 4468 Die

343 4487 680 4537 intransitive
713 4483 1077 4548 gewehnliche
1119 4482 1434 4544 Bedeutung
1471 4481 1566 4532 hat
1604 4481 1741 4531 auch
1780 4483 1833 4532 C.
1872 4481 1953 4544 10,
1995 4481 2073 4546 15,
2114 4480 2175 4532 7:
2218 4481 2517 4550 planctibus
2550 4491 2711 4534 tota
2754 4501 2871 4534 re—
2947 4535 2948 4538 ,

340 4555 462 4622 qia
495 4549 927 4621 personabat.
969 4576 1024 4586 —
1075 4545 1216 4612 8,·6,
1255 4547 1303 4598 6.
1359 4547 1552 4598 Inter
1586 4547 1721 4598 laas.
1760 4549 1842 4600 F;:
1880 4550 1936 4599 in
1978 4550 2088 4600 lias.
2132 4573 2191 4587 -—
2239 4557 2578 4604 extracta.
2636 4553 2721 4603 R:
2770 4569 2871 4601 ex-

345 4628 482 4672 acta.
527 4648 584 4658 —
640 4621 838 4670 inter
873 4618 1109 4667 vinum.
1163 4615 1212 4666 S.
1251 4613 1300 4675 3,
1323 4613 1510 4676 3249.
1557 4641 1614 4652 -·
1663 4613 1713 4676 8,
1752 4611 1799 4679 6,
1840 4615 1891 4666 7.
1942 4617 2245 4669 Sociare
2284 4633 2656 4671 sermonem.
2694 4623 2869 4684 Vergl.

344 4688 457 4738 Vel.
513 4689 677 4738 Flacc.
723 4689 917 4749 Argon.
965 4683 1013 4747 5,
1047 4681 1162 4736 281.
1211 4680 1348 4734 282:
1395 4691 1454 4732 at
1507 4682 1635 4733 Iunc
1686 4690 1737 4732 et
1766 4685 1949 4735 wanti
1984 4685 2131 4754 vin-‚qo
2162 4683 2300 4738 Iovis
2348 4687 2605 4738 intima
2651 4704 2871 4738 secum

351 4751 677 4804 Consilia
708 4761 774 4802 et
802 4753 1042 4804 varias
1071 4749 1438 4819 sociabant
1471 4757 1684 4817 pectore
1722 4767 1945 4803 curas.
