2975 5350
922 341 1006 404 X.
1055 345 1103 407 Ι.
1151 347 1358 408 1—9.
1402 345 1479 408 ΙΙ.
1530 346 1825 408 10-16,
2110 383 2115 390 -
2504 344 2631 412 327

86 509 306 588 ginem
351 517 798 590 constupratam
845 529 1026 574 servo
1063 530 1178 574 suo
1240 511 1523 591 pellicem
1570 513 1832 576 dederat.
1924 508 2243 596 “Plerique
2298 515 2629 578 amicorum

83 604 438 670 Alexandri
493 627 616 669 non
674 615 793 670 tam
851 607 1192 683 criminum,
1255 627 1408 688 quae
1459 609 1657 688 palam
1714 609 2179 687 obiiciebantur,
2238 611 2630 688 atrocitatem,

85 723 284 784 quam
327 706 680 768 memoriam
720 703 909 766 occisi
951 724 1064 783 per
1105 703 1264 786 *illos
1325 707 1766 782 ParmenioniS,
1828 706 1995 789 qnod
2057 706 2100 750 *
2156 709 2449 786 prodesse
2509 709 2629 772 reis

83 801 263 879 apud
305 819 514 882 regem
550 809 815 882 poterat,
861 801 1271 877 intuebantur,
1314 801 1460 864 laeti
1504 802 1791 866 recidisse
1832 803 1981 866 iram
2026 805 2085 864 in
2142 805 2266 866 irae
2306 804 2629 881 ministros,

83 917 208 960 nec
255 898 448 960 ullam
497 901 826 978 potentiam
869 899 1100 963 scelere
1143 899 1472 979 quaesitam
1520 899 1797 980 cuiquam
1840 921 1974 964 esse
2016 902 2375 966 diuturnam.
2461 897 2631 963 ⁷Rex

87 997 350 1074 cognita
387 1015 570 1058 causa
613 996 1057 1076 pronuntiavit,
1107 997 1183 1056 ab
1224 985 1681 1058 accusatoribus
1723 1017 1907 1060 unum
1952 1005 2013 1061 et
2054 998 2115 1059 id
2161 999 2481 1065 maximum
2514 999 2631 1060 cri-

85 1112 234 1152 men
285 1112 422 1154 esse
469 1094 886 1172 praeteritum,
931 1095 1413 1172 desperationem
1455 1093 1684 1183 salutis·
1704 1113 1879 1156 suae:
1929 1113 2235 1177 nunquam
2278 1096 2435 1158 enim
2492 1094 2631 1156 talia

85 1209 383 1264 ausurOS,
425 1191 530 1272 qui
565 1191 764 1270 ipsum
802 1211 878 1252 ex
913 1190 1082 1252 India
1121 1189 1412 1268 sospitem
1453 1195 1557 1250 aut
1592 1196 1903 1268 optassent
1937 1192 2157 1254 reverti
2200 1199 2303 1254 aut
2342 1191 2631 1252 credidis-

87 1295 232 1348 sent
281 1307 688 1350 reversurum.
781 1281 1017 1366 8Igitur
1059 1289 1172 1348 hos
1215 1286 1458 1367 quidem
1494 1285 1713 1361 vinxit,
1770 1287 1881 1349 DC
1940 1296 2139 1350 autem
2200 1289 2477 1364 militum,
2526 1287 2629 1369 qui

87 1384 388 1446 saevitiae
430 1404 638 1446 eorum
685 1384 942 1447 ministri
974 1386 1242 1457 fuerant,
1307 1382 1563 1450 interfici
1601 1382 1793 1446 iussit.
1876 1379 2147 1448 ⁹Eodem
2188 1387 2283 1448 die
2325 1393 2628 1465 sumptum

87 1490 188 1544 est
235 1480 606 1560 supplicium
647 1482 724 1546 de
765 1482 840 1542 iis
882 1500 1127 1563 quoque
1144 1527 1160 1556 ,
1215 1497 1369 1562 quos
1413 1483 1695 1542 auctores
1734 1481 2085 1546 defectionis
2128 1484 2447 1544 Persarum
2482 1480 2625 1542 Cra-

87 1585 266 1642 terus
302 1575 656 1642 adduxerat.

271 1675 341 1736 11.
425 1669 480 1713 ¹⁰
496 1676 670 1738 Haud
717 1675 906 1738 multo
944 1679 1086 1754 post
1129 1673 1448 1734 Nearchus
1496 1681 1557 1734 et
1592 1674 1999 1751 OnesicrituS,
2059 1697 2215 1757 quos
2265 1676 2505 1754 lougius
2560 1676 2621 1736 in

91 1792 396 1834 oceanum
419 1772 754 1852 procedere
783 1771 1054 1844 iusserat,
1095 1770 1541 1848 superveniunt.
1625 1765 1668 1808 ¹¹
1684 1770 2055 1834 Nuntiabant
2095 1780 2293 1834 autem
2334 1772 2629 1851 quaedam

87 1871 333 1945 audita,
392 1869 512 1930 alia
567 1874 909 1948 comperta:
971 1865 1226 1929 insulam
1287 1865 1444 1927 ostio
1492 1866 1683 1926 amnis
1724 1866 2055 1930 subiectam
2094 1887 2245 1930 auro
2303 1867 2626 1943 abundare,

89 1969 346 2046 inopem
393 1985 686 2048 equorum
729 1983 897 2028 esse:
965 1962 1238 2042 singulos
1285 1981 1394 2024 eos
1441 1962 1520 2022 ab
1558 1962 1664 2037 iis,
1720 1961 1825 2042 qui
1868 1983 1943 2024 ex
1984 1964 2315 2026 continenti
2351 1964 2628 2026 traiicere

89 2063 424 2139 auderent,
481 2061 735 2142 singulis
794 2060 1032 2122 talentis
1075 2059 1208 2122 emi.
1299 2053 1348 2097 ¹²
1361 2059 1611 2124 Plenum
1658 2079 1791 2120 esse
1849 2059 2165 2122 beluarum
2218 2081 2411 2124 mare:
2458 2065 2627 2124 aestu

91 2159 376 2224 secundo
439 2179 541 2222 eas
606 2159 750 2222 ferri
815 2176 1163 2236 magnarum
1216 2155 1456 2220 navium
1510 2171 1772 2236 corpora
1830 2163 2172 2240 aequantes,
2232 2158 2389 2218 truci
2448 2166 2628 2220 cantu

95 2256 422 2318 deterritas
465 2256 636 2337 sequi
677 2255 962 2328 classem,
1023 2273 1156 2318 cum
1195 2267 1416 2332 magno·
1461 2254 1745 2334 aequoris
1782 2254 2081 2333 strepitu,
2138 2255 2303 2318 velut
2354 2255 2629 2318 demersa

95 2353 355 2430 navigia,
395 2353 630 2415 subisse
661 2372 864 2434 aquas.
943 2343 994 2388 ¹³
1007 2349 1226 2412 Cetera
1269 2350 1483 2414 incolis
1534 2351 1931 2427 crediderant,
1974 2351 2131 2416 inter
2166 2371 2338 2432 quae,
2378 2353 2628 2416 rubrum

99 2471 270 2512 mare
297 2471 420 2514 non
449 2470 484 2512 a
507 2449 716 2512 colore
754 2450 1067 2522 undarum,
1117 2455 1184 2512 ut
1226 2447 1499 2529 plerique
1540 2449 1871 2522 crederent,
1914 2448 2025 2522 sed
2072 2448 2149 2510 ab
2186 2449 2447 2528 Erythra
2482 2468 2627 2528 rege

101 2547 425 2627 appellari:
500 2539 698 2606 ¹4esse
736 2546 895 2608 haud
941 2544 1160 2626 procul
1203 2565 1242 2606 a
1284 2545 1613 2608 continenti
1658 2545 1912 2608 insulam
1954 2545 2169 2624 palmis
2215 2547 2627 2626 frequentibus

101 2644 430 2719 consitam,
489 2648 548 2704 et
586 2642 648 2705 in
691 2643 892 2705 medio
937 2644 1066 2706 fere
1107 2661 1354 2704 nemore
1395 2641 1733 2706 columnam
1778 2641 2071 2717 eminere,
2130 2642 2425 2721 Erythrae
2468 2643 2629 2721 regis

74 2733 574 2816 ‘mouumentum,
615 2740 832 2803 litteris
873 2741 1068 2820 gentis
1108 2739 1240 2801 eius
1288 2741 1592 2817 scriptam.
1669 2734 1717 2779 ¹⁵
1732 2738 2138 2813 Adiiciebant,
2184 2739 2437 2818 navigia,
2474 2759 2627 2821 quae

97 2840 260 2901 lixas
303 2844 790 2917 mercatoresque
834 2836 1170 2909 vexisseut,
1225 2836 1442 2897 famam
1485 2839 1620 2897 auri
1662 2836 1933 2917 sequutis
1972 2835 2507 2914 gubernatorib11S‚
2564 2837 2629 2897 in

101 2936 362 2999 insulam
403 2954 541 2999 esse
575 2932 942 3015 ¹transmissa
987 2952 1102 2993 nec
1146 2932 1362 2994 deinde
1401 2933 1478 2993 ab
1537 2932 1628 2993 his
1668 2942 1883 3011 postea
1920 2932 2063 2994 visa.
2143 2926 2353 3009 16Βωε,
2402 2950 2629 3012 cogno·-

103 3032 318 3097 scendi
358 3031 538 3112 plura
577 3030 861 3109 cupidine
907 3046 1216 3103 accensus»,
1259 3048 1471 3091 rursus
1518 3048 1629 3091 eos
1690 3036 1912 3091 terram
1952 3028 2156 3107 legere
2200 3029 2385 3104 iubet,
2433 3029 2628 3091 douec

101 3131 184 3193 ad
221 3127 542 3209 Euphratis
591 3127 750 3189 ostia
804 3125 1180 3206 appellerent
1229 3125 1519 3197 classem3
1570 3124 1709 3187 inde
1768 3126 2025 3187 adverso
2076 3147 2252 3189 amne
2317 3106 2632 3205 Babylona

103 3226 431 3290 subituroS.
831 3238 836 3242 ’
997 3234 1004 3240 ‘
1359 3218 1362 3227 ’

247 3498 330 3559 10,
379 3495 427 3559 1,
464 3494 511 3547 6.
574 3494 698 3545 Per
747 3493 937 3547 illos.
995 3496 1072 3545 F.:
1125 3512 1222 3561 per
1276 3510 1374 3546 eos.
1433 3522 1493 3531 —
1558 3495 1725 3560 quod
1761 3495 1829 3545 ³¹⁵.
1906 3496 2092 3547 Bisher
2143 3497 2278 3561 quod
2328 3494 2626 3547 tacitum.

103 3568 259 3619 Laeti
294 3567 539 3624 beweist‚
579 3565 706 3615 dass
743 3565 818 3613 im
841 3564 1068 3626 Vorigen
1107 3564 1262 3613 keine
1286 3562 1555 3611 Reflexion
1595 3562 1861 3619 euthalten
1904 3564 2019 3625 sein
2062 3564 2222 3622 kann,
2270 3564 2471 3613 welche
2504 3566 2629 3626 jene

106 3639 194 3688 die
243 3634 664 3697 Freisprechung
721 3633 818 3681 der
866 3626 1188 3693 Verklagterl
1241 3629 1575 3679 furchten
1619 3630 1761 3679 liess.
1838 3628 2290 3681 Wahrscheinlich
2341 3632 2411 3681 ist
2466 3631 2633 3681 daher

108 3702 246 3771 quod
276 3701 396 3753 via·
437 3708 566 3749 tum
603 3715 672 3750 zu
713 3698 1013 3751 schreiben.
1070 3699 1175 3749 Das
1207 3697 1363 3760 obige
1391 3694 1572 3762 palam
1609 3696 1885 3745 verleitete
1928 3698 2083 3747 einen
2116 3696 2489 3755 Abschreiber‚
2531 3712 2629 3750 aus

107 3776 213 3825 den
262 3769 570 3821 undentlich
617 3768 975 3829 gewordenen
1027 3768 1202 3829 Ziigen
1255 3765 1544 3813 tacitum
1591 3777 1654 3812 zu
1707 3763 1899 3812 bilden.
1961 3789 2017 3799 —-
2075 3763 2157 3825 10,
2212 3764 2255 3826 1,
2301 3760 2347 3815 7.
2431 3764 2632 3817 Unum

107 3849 169 3891 et
225 3838 296 3888 id
341 3837 704 3886 maximum.
771 3834 844 3883 Et
889 3834 934 3883 is
983 3835 1035 3883 in
1089 3835 1187 3883 der
1218 3832 1567 3897 Verbindung
1621 3832 1817 3881 zweier
1857 3828 2133 3882 Pradikate
2183 3834 2405 3891 markirt
2453 3834 2631 3883 nach—

105 3907 443 3960 drucklicher
481 3905 557 3955 als
594 3904 749 3969 isque.

248 3996 334 4057 10,
367 3993 421 4055 2,
463 3994 540 4047 11.
607 3994 972 4060 Comperta.-
1035 3994 1138 4043 Ans
1171 3992 1351 4053 eigner
1392 3992 1761 4053 Anschauung.
1818 3991 1869 4039 S.
1908 4004 1976 4039 zu
2016 3986 2065 4049 7,
2103 3986 2184 4050 38,
2219 3986 2301 4039 20.
2339 4016 2395 4026 —-
2443 4004 2629 4041 auro.

105 4068 296 4117 Arx-ian
346 4065 398 4115 in
448 4065 552 4114 den
587 4063 782 4113 Indicis
834 4061 1074 4111 erwahnt
1125 4060 1296 4109 nichts
1347 4058 1672 4109 Aebnliches.
1749 4058 1897 4107 Doch
1948 4061 2067 4121 sagt
2118 4058 2241 4109 Plin.
2296 4052 2343 4121 6,
2400 4054 2483 4121 21,
2530 4054 2629 4111 23:

109 4142 322 4185 extra
359 4131 602 4181 ostium
637 4128 788 4179 Indi
827 4126 1084 4193 Chryse
1125 4132 1173 4175 et
1199 4124 1469 4192 Arqyre
1503 4124 1788 4189 fertiles
1824 4122 2168 4180 metallis.
2199 4132 2256 4174 ut
2290 4124 2456 4175 credo.
2496 4122 2633 4175 Nam

109 4200 247 4269 quod
281 4197 446 4265 aliqui
487 4197 767 4257 tradidere,
818 4212 1028 4245 aureum
1061 4201 1451 4261 argenteumque
1485 4193 1550 4245 iis
1588 4192 1752 4243 solum
1792 4209 1908 4257 esse,
1954 4191 2093 4241 haud
2119 4190 2281 4256 facile
2311 4192 2629 4243 crediderim.

107 4274 218 4323 Das
256 4275 400 4319 wa’re
441 4268 679 4331 tropisch
721 4280 788 4317 zu
827 4264 1276 4327 nehmen·wegen
1317 4264 1458 4315 ihrer
1494 4262 1920 4313 fruchtbarkeit.
1964 4288 2018 4299 -
2066 4276 2188 4310 eos.
2232 4262 2316 4311 F.:
2358 4277 2527 4328 equos.

252 4358 330 4423 10,
367 4356 416 4421 2,
458 4356 534 4409 13.
603 4356 932 4423 Erythra.
986 4357 1068 4406 Z.:
1120 4354 1369 4420 Erythro.
1403 4382 1460 4391 -
1516 4351 1597 4415 10,
1630 4351 1677 4416 2,
1722 4349 1800 4404 14.
1850 4351 2227 4417 Erythrae.
2276 4355 2352 4403 Z.:
2391 4351 2631 4417 Erythri.

112 4455 170 4466 —
217 4426 297 4489 10,
331 4426 379 4488 2,
427 4425 499 4477 15.
558 4424 658 4475 Ab
696 4424 812 4475 his.
869 4425 1025 4475 Diese
1062 4424 1247 4473 Worte
1287 4424 1474 4473 slehen
1513 4436 1645 4485 ganz
1682 4420 1995 4473 ausserha’b
2043 4422 2139 4471 der
2188 4420 2355 4469 oratio
2407 4418 2631 4488 obliqua,

113 4496 221 4548 und
237 4496 362 4547 sind
397 4509 496 4546 aus
535 4495 633 4545 der
671 4494 823 4545 Seele
860 4493 956 4543 des
993 4492 1394 4542 Schriftstellers
1429 4491 1629 4541 het-aus
1650 4490 1895 4555 gedacht,
1937 4489 2034 4541 der
2070 4488 2237 4539 damit
2276 4488 2371 4539 auf
2401 4488 2487 4539 die
2522 4488 2631 4537 Er-

109 4564 402 4617 zahlenden
438 4563 734 4613 hinweiset.

253 4653 336 4717 10,
371 4652 426 4713 2,
469 4650 546 4704 16.
615 4650 712 4703 Ad
745 4650 1130 4718 Euphratis
1171 4648 1374 4699 ostia.
1433 4649 1511 4699 F.:
1568 4648 1638 4699 ad
1675 4647 1991 4714 Euphraten.
2064 4648 2160 4698 Die
2193 4644 2631 4699 Handschrifteu:

111 4724 185 4774 ad
203 4721 512 4789 Euphratis,
552 4734 665 4771 was
703 4721 818 4771 sich
853 4718 1104 4770 allenl'alls
1134 4718 1302 4768 durch
1327 4716 1595 4768 entfernte
1617 4718 1917 4780 Analogien,
1956 4717 2057 4767 wie
2089 4713 2159 4765 ad
2184 4712 2365 4765 Vestae
2382 4711 2634 4779 (aedem),

114 4791 486 4855 vertheidigeu
519 4790 698 4841 liesse.
735 4814 793 4827 --
835 4784 1200 4851 Babylona.
1239 4786 1319 4835 F.:
1359 4782 1685 4850 Babylonem.

2914 3530 2916 3534 .
2910 3124 2919 3513 ...ζῴῳ-μ..ῴᾲ
2912 3083 2919 3114 .-
