2975 5350
676 315 792 380 111.
824 314 1127 379 xxxiv,
1172 320 1307 379 ⁷-
1329 318 1425 380 11.
1462 316 1736 383 xxxv,
1781 264 1956 381 ω’...
1975 322 2074 382 17.
2543 320 2628 385 57

85 506 117 545 a
148 482 297 547 suis
332 482 635 561 destituta,
672 484 936 564 ingentia
962 484 1309 564 opulentiae
1332 484 1533 566 plena,
1549 485 1738 549 facies
1773 485 2399 566 etiam-praedantibus
2416 490 2628 567 tristis,

82 583 127 642 si
185 601 323 662 qua
381 600 490 642 res
542 580 864 643 avaritiam·
912 585 1269 643 moraretur.
1372 581 1616 663 Quippe
1681 584 1772 646 'tot
1827 597 2128 645 annorum
2175 583 2512 647 incredibili
2565 594 2626 650 et

82 680 269 739 fidem
294 677 657 739 excedente
691 678 935 739 formna
970 678 1291 755 cumulata,
1333 685 1479 741 tuno
1532 680 1650 741 alia
1711 680 2002 759 stirpibus
2055 679 2334 757 lacerata,
2389 683 2510 745 alia
2563 685 2626 745 iu

83 794 353 836 coenum
428 774 705 835 demersa
766 775 1197 837 cernebantur:
1272 791 1397 837 non
1462 777 1842 839 sufficiebant
1911 776 2332 856 praedantium
2411 798 2624 846 muns

88 871 378 950 praedae.
1931 878 1938 883 ’

246 967 545 1029 XXXV.
626 963 925 1048 ¹21amque
964 966 1141 1028 etiam
1182 966 1259 1027 ad
1302 987 1428 1044 eos,
1473 968 1578 1049 qui
1615 968 1792 1047 primi
1840 970 2135 1049 fugerant,
2195 976 2438 1033 ventum
2475 980 2620 1036 erat.

86 1063 379 1123 Feminae
428 1062 762 1143 pleraeque
800 1080 1025 1142 parvos
1066 1064 1369 1125 trahentes
1412 1064 1642 1127 liberos
1681 1064 1863 1141 ibant,
1906 1066 2060 1127 inter
2087 1086 2247 1147 ‘quas
2289 1075 2417 1130 tres·
2455 1071 2626 1133 fuere

89 1160 379 1238 virgines,
416 1159 593 1235 Ochi,
630 1158 735 1241 qui
772 1164 909 1221 ante
951 1150 1221 1221 Dareum‘
1262 1167 1633 1239 regnaverat,
1671 1161 1856 1238 -filiae,
1901 1162 2044 1225 olim
2069 1162 2312 1243 quidem
2348 1185 2424 1227 ex
2465 1168 2627 1230 fasti-

91 1258 201 1335 gio
238 1262 497 1334 paterno
542 1274 745 1317 rerum
785 1255 1117 1317 mutatione
1153 1256 1469 1333 detractae,
1517 1258 1624 1318 sed
1669 1264 1796 1319 tum
1856 1260 2084 1321 sortem
2145 1278 2351 1322 earum
2409 1264 2625 1325 crude-

89 1352 207 1415 lius
250 1359 621 1433 aggravante
665 1352 921 1419 sortuna.
986 1346 1117 1414 13111
1161 1352 1377 1413 eodem
1420 1374 1604 1435 grege
1643 1375 1798 1417 uxor
1837 1376 2084 1437 quoque
2143 1357 2414 1421 eiusdem
2466 1360 2622 1423 Ochi

91 1450 215 1525 suit,
257 1449 677 1530 Oxathrisque
724 1449 941 1525 (frater
977 1446 1075 1509 hic
1120 1456 1251 1510 erat
1284 1451 1500 1529 Darei)
1543 1451 1686 1526 filia,
1728 1458 1788 1513 et
1821 1452 2086 1513 coniunx
2117 1449 2418 1533 Artabazi,
2458 1458 2624 1536 prin-
2689 1478 2696 1489 ¹

93 1544 237 1625 cipis
284 1550 793 1625 purpuratorum,
838 1549 898 1605 et
934 1544 1109 1623 filius,
1160 1546 1258 1607 cui
1298 1544 1532 1609 Ilioneo
1573 1547 1688 1609 fuit
1716 1567 1954 1612 nomen.
2015 1544 2067 1587 ¹⁴
2079 1550 2446 1613 Pharnabazi
2473 1574 2623 1635 quo-

92 1662 217 1721 que,
262 1642 373 1703 cui
414 1661 715 1702 summum
756 1639 1073 1721 imperium
1112 1642 1439 1706 maritimae
1482 1663 1628 1706 orae
1670 1663 1780 1707 rex
1823 1645 2085 1724 dederat,
2129 1666 2288 1709 uxor
2327 1669 2466 1711 eum
2493 1650 2622 1713 filio

94 1744 345 1819 excepta
392 1744 507 1813 est,
548 1738 837 1800 Mentoris
879 1739 1038 1799 filiae
1074 1744 1215 1816 tres,
1254 1759 1325 1801 ac
1358 1739 1714 1801 nobilissimi
1767 1741 1936 1802 ducis
1981 1743 2322 1805 Memnonis
2345 1747 2626 1811 'coniunx

94 1844 148 1897 et
182 1836 371 1897 filius.
453 1832 694 1914 Vixque
734 1832 859 1895 ulla
898 1834 1113 1905 domus
1156 1836 1475 1916 purpurati
1515 1856 1733 1915 expers
1786 1836 1898 1900 fuit
1935 1843 2134 1901 tantae
2171 1838 2378 1903 cladis,
2445 1837 2494 1879 ¹⁵
2511 1844 2625 1907 La-

94 1930 477 1993 cedaemonii
521 1950 763 2011 quoque
808 1938 867 1992 et
906 1931 1301 1993 Athenienses
1340 1932 1646 1994 societatis
1684 1932 1803 1993 fide
1841 1933 2064 1995 violata
2105 1937 2318 2011 Persas
2354 1941 2622 2023 sequuti:

94 2028 501 2109 Aristogiton,
546 2026 853 2107 Dropides
890 2032 950 2090 et
997 2028 1345 2107 IphicrateS,
1404 2029 1563 2089 inter
1614 2028 2011 2091 Athenienses
2073 2052 2292 2111 genere
2349 2036 2624 2118 famaque

94 2126 273 2205 longe
316 2123 662 2199 clarissimi,
704 2124 1163 2185 Lacedaemonii
1226 2125 1567 2205 Pausippus
1630 2132 1690 2187 et
1748 2126 2246 2191 Onomastorides
2303 2152 2440 2193 cum
2487 2136 2624 2195 Mo—

98 2224 267 2283 nimo
305 2230 365 2284 et
404 2220 810 2297 Callicratide,
855 2220 915 2280 hi
959 2239 1201 2301 quoque
1244 2220 1407 2283 domi
1450 2220 1704 2283 nobiles.
1773 2217 2081 2285 ¹⁶Summa
2097 2228 2392 2305 pecuniae
2428 2229 2624 2311 signa-

94 2327 191 2380 tae
225 2320 339 2379 fuit
384 2318 678 2379 talentum
720 2316 842 2378 duo
884 2316 1045 2377 milia
1087 2321 1147 2376 et
1184 2324 1483 2393 sexcenta,
1539 2318 1681 2379 facti
1717 2314 1964 2398 argenti
1998 2322 2240 2400 pondus
2301 2325 2626 2407 quingenta

96 2416 413 2497 aequabat.
494 2416 814 2475 Praeterea
857 2412 1099 2493 triginta
1138 2413 1301 2474 milia
1338 2414 1648 2476 hominum
1689 2436 1826 2478 cum
1871 2422 2104 2496 septem
2127 2418 2370 2483 milibus
2397 2422 2622 2486 iumen-

96 2521 297 2575 torum
341 2512 535 2575 dorso
579 2530 765 2572 onera
807 2509 1174 2590 portantium
1219 2516 1393 2589 capta
1430 2517 1586 2573 sunt.
1674 2507 1724 2551 ¹⁷
1736 2512 2019 2575 Ceterum
2067 2513 2149 2575 dii
2195 2520 2392 2580 tantae
2434 2520 2623 2583 fortu-

102 2758 181 2821 19,
216 2759 311 2812 11:
353 2758 605 2825 quosdam
657 2759 878 2809 cominus
912 2758 1155 2826 gladio
1214 2759 1579 2827 clipeoque
1629 2759 1958 2828 impulsos
2005 2763 2406 2829 praecipitavit3
2449 2763 2502 2826 4,
2533 2765 2621 2828 61,

103 2829 185 2880 11;
225 2845 263 2876 a
282 2826 375 2877 lii
416 2843 521 2892 qua
549 2827 891 2877 brevissimum
922 2827 1137 2895 patebat
1169 2828 1290 2888 iter,
1334 2826 1463 2877 alii
1506 2828 1730 2878 diversos
1766 2827 1931 2877 saltus
1981 2835 2032 2877 et
2065 2829 2268 2894 ignotas
2305 2833 2622 2899 sequentibus

102 2894 696 2962 callcspetehant.
776 2899 823 2946 S.
867 2898 1013 2947 Curt.
1056 2892 1103 2959 4,
1146 2893 1233 2956 23,
1275 2893 1353 2948 13.

232 2985 283 3050 3,
329 2985 421 3050 35,
457 2983 536 3036 12.
605 2987 856 3037 Parvos
897 2986 1251 3038 trahentes
1289 2985 1550 3038 liberos
1585 2989 1638 3038 in
1693 2987 1924 3038 schoner
1971 2987 2358 3040 dichterischer
2403 2992 2623 3044 Auffas-

105 3073 249 3121 sung.
316 3059 395 3105 So
430 3056 571 3118 Virg.
612 3057 739 3114 Aen.
778 3053 831 3114 2,
872 3053 1001 3105 320;
1050 3070 1469 3121 parvumque
1518 3061 1818 3122 nepotem
1870 3054 1978 3121 ipse
2031 3055 2271 3108 trabit.
2337 3061 2444 3109 Liv.
2484 3057 2532 3122 6,
2573 3059 2622 3124 3,

105 3123 155 3174 4:
190 3126 341 3189 [letus
376 3121 649 3171 mulierum
682 3139 745 3172 ac
774 3139 1068 3188 puerorum,
1104 3123 1192 3188 qui
1241 3120 1389 3172 exilii
1442 3123 1647 3172 comites
1699 3120 2166 3174 trahebantur.
2211 3151 2269 3162 --
2325 3132 2460 3176 tres
2497 3129 2626 3179 fehlt

105 3195 181 3244 bei
222 3195 275 3242 Z.
324 3217 391 3228 -
428 3189 608 3240 ochi.
680 3192 855 3241 Ochus
890 3193 963 3241 ist
993 3192 1315 3241 Artaxerxes
1350 3192 1449 3244 der
1486 3193 1660 3241 Dritte
1696 3187 2058 3254 (361—338):
2112 3192 2225 3242 sein
2281 3195 2424 3244 Sobn
2462 3197 2624 3248 Arses

104 3263 231 3312 oder
258 3263 521 3310 Arsames
555 3261 787 3323 regierte
823 3273 925 3308 nur
964 3261 1095 3308 zwei
1129 3259 1303 3321 Jahre,
1342 3261 1454 3309 und
1510 3259 1648 3310 wird
1692 3258 1832 3309 wohl
1885 3258 2076 3309 darum
2124 3274 2231 3310 von
2283 3263 2427 3313 Curt.
2476 3267 2626 3316 nicht

105 3330 410 3394 gerechnet.
482 3327 649 3390 Ver-gl.
689 3323 742 3386 6,
776 3324 829 3386 5,
862 3324 913 3375 7.
959 3353 1015 3362 -
1060 3326 1233 3378 Ueber
1273 3342 1449 3376 aarum
1484 3329 1646 3391 vergi.
1683 3341 1750 3378 zu
1782 3323 1836 3386 3,
1871 3323 1960 3386 32,
1995 3324 2076 3377 21.

230 3418 285 3479 3,
328 3413 421 3478 35,
464 3415 548 3467 13.
618 3415 694 3468 Ia
742 3417 965 3467 eodem
1007 3433 1235 3484 qreqe.
1319 3419 1428 3470 Der
1476 3418 1760 3469 Ausdruck
1816 3417 1888 3468 ist
1938 3419 2036 3467 mit
2072 3419 2360 3471 Rsscksicht
2407 3422 2504 3472 auf
2536 3423 2624 3473 die

104 3487 521 3548 Wehrlosigkeit
556 3486 667 3538 und
706 3486 997 3536 Schwache
1028 3487 1127 3536 der
1163 3486 1568 3536 Frauenschaar
1600 3484 1840 3550 gewahlt.
1917 3486 2081 3535 Sonst
2113 3487 2208 3536 hat
2241 3501 2302 3538 er
2339 3491 2476 3540 auch
2515 3504 2625 3539 an·-

107 3557 229 3606 dere
266 3553 663 3616 Boziehungen‚
699 3567 744 3604 s.
783 3551 831 3615 3,
867 3551 915 3616 8,
957 3550 1043 3603 23.
1082 3550 1131 3614 3,
1167 3550 1255 3612 23,
1292 3551 1343 3602 6.
1380 3551 1433 3614 8,
1474 3550 1562 3612 38,
1601 3549 1685 3604 34.
1731 3549 1810 3614 10,
1850 3549 1934 3610 10,
1967 3549 2056 3604 20.
2093 3579 2150 3590 —-
2207 3553 2462 3605 Frater
2495 3555 2624 3607 laic.

106 3625 157 3672 ln
192 3624 293 3674 der
336 3622 667 3682 Parent-hese
700 3614 845 3672 steht
896 3622 993 3671 der
1033 3620 1510 3684 Pradicatsbegriff,
1557 3622 1634 3672 als
1683 3621 1782 3672 der
1823 3621 2312 3672 hervorsteehende
2365 3625 2478 3675 und
2533 3639 2627 3677 um

108 3691 201 3741 den
240 3705 303 3740 es
343 3689 462 3739 sich
504 3689 619 3738 hier
656 3691 915 3740 zunachst
950 3689 1179 3750 handen,
1215 3703 1399 3740 voran.
1465 3690 1537 3738 So
1577 3690 1721 3738 Curt.
1759 3683 1808 3750 3,
1845 3685 1932 3747 28,
1976 3685 2056 3738 18.
2091 3685 2144 3748 6,
2173 3687 2228 3748 5,
2267 3687 2318 3743 7.
2395 3693 2502 3742 Liv.
2541 3690 2624 3754 30,

109 3757 149 3819 1,
188 3757 243 3808 1:
288 3763 474 3806 sextus
516 3755 733 3805 decimus
784 3757 845 3805 is
895 3772 1059 3806 armus
1116 3754 1235 3804 belli
1262 3755 1440 3822 punici
1476 3761 1605 3806 erat.
1642 3753 1729 3814 30,
1770 3752 1820 3814 1,
1859 3752 1918 3805 9:
1971 3770 2085 3804 cum
2121 3754 2314 3804 duabus
2352 3755 2626 3822 leyionibas

108 3825 219 3889 (sab
260 3823 515 3874 Dum-etio
542 3823 730 3890 Spurio
785 3840 903 3873 eae
931 3824 1207 3888 fuerant)-
1250 3849 1307 3861 --
1357 3822 1728 3872 Artabazi.
1784 3823 1953 3883 Vergl.
1989 3819 2037 3882 5,
2077 3819 2165 3881 26,
2205 3820 2262 3871 1:
2305 3819 2624 3885 Artabazus,

108 3892 476 3942 vetustissimus
514 3892 809 3941 amicorum.
850 3920 915 3928 -
960 3893 1069 3943 Der
1112 3894 1279 3942 Name
1326 3888 1521 3939 Ilioneo
1558 3891 1630 3939 ist
1667 3888 1814 3937 nicht
1849 3889 1986 3937 ecbt.

240 3983 289 4044 3,
332 3981 421 4042 35,
464 3978 545 4031 14.
617 3982 989 4033 Memnonis
1029 3983 1331 4034 coniunx.
1408 3983 1496 4031 Sie
1529 3979 1674 4030 hiess
1713 3979 1949 4029 Barsine.
1983 4003 2040 4014 -
2124 3976 2173 4041 3,
2211 3975 2293 4041 35,
2338 3977 2416 4032 15.
2449 3979 2628 4044 Quo-

160 4066 237 4098 ue
274 4051 403 4100 fehlt
436 4051 525 4100 bei
567 4051 618 4101 Z.
657 4077 717 4086 —
792 4049 845 4110 3,
882 4049 963 4112 35,
1003 4048 1081 4102 16.
1161 4049 1426 4099 Samma
1470 4047 1812 4114 pecuniae
1858 4046 2203 4113 signatae.
2276 4047 2446 4114 Vergl.
2485 4051 2537 4102 C.
2575 4049 2628 4114 5,

147 4155 165 4178 ,
206 4117 283 4168 11.
322 4119 451 4168 Plin.
488 4117 546 4167 N.
586 4119 644 4168 H.
686 4115 772 4178 33,
806 4117 857 4178 3,
901 4116 995 4169 13.
1028 4118 1234 4168 Servius
1273 4133 1370 4165 rex
1402 4117 1601 4183 primm
1636 4114 1946 4181 signavit
1981 4129 2124 4164 aes:
2161 4122 2316 4165 antea
2353 4117 2474 4168 radi
2511 4136 2629 4171 usos

108 4185 301 4235 Romae
342 4185 577 4234 Timaeus
613 4185 790 4236 tradit.
860 4186 1218 4252 Signatum
1254 4191 1356 4234 est
1404 4191 1568 4234 nota
1671 4182 1966 4244 cendum,
2022 4182 2155 4232 unde
2189 4190 2238 4232 et
2269 4187 2490 4252 pecunia
2528 4205 2630 4255 ap-

106 4253 325 4320 pellata.
364 4281 429 4288 —-
470 4251 816 4303 talentum.
872 4255 953 4304 R:
993 4252 1316 4304 talentorum.
1394 4256 1465 4302 So
1503 4249 1556 4312 4,
1597 4200 1679 4312 ὦ,
1717 4248 1774 4302 6;
1830 4250 2046 4316 triqinta
2099 4249 2248 4301 milia
2295 4253 2630 4306 talentum

110 4323 237 4372 aur-i.
274 4319 333 4382 6,
373 4319 428 4380 5,
476 4318 556 4370 10.
599 4319 683 4382 10,
721 4318 773 4381 4,
814 4319 899 4372 24.
936 4319 1015 4384 10,
1055 4319 1103 4384 8,
1146 4320 1229 4374 10.
1262 4319 1312 4382 5,
1348 4317 1436 4381 20,
1478 4317 1562 4370 10.
1633 4319 1724 4370 Bei
1764 4320 1906 4370 Curt.
1943 4319 2113 4370 findet
2149 4320 2266 4370 sich
2314 4323 2454 4372 noch
2492 4320 2546 4381 6,
2576 4320 2630 4381 6,

113 4389 189 4439 17.
231 4389 285 4454 7,
324 4385 411 4447 23,
454 4385 552 4438 27:
593 4388 983 4449 denarium,-
1019 4387 1071 4450 8,
1111 4387 1195 4451 32,
1234 4387 1329 4440 28;
1373 4386 1593 4437 binum
1633 4384 1933 4436 cubitorum.
2019 4386 2217 4437 Ferner
2258 4385 2544 4437 liberum
2575 4386 2630 4447 6,

110 4455 157 4517 7,
191 4456 243 4509 5.
284 4454 343 4517 6,
385 4451 471 4517 40,
505 4453 591 4506 31.
629 4453 682 4516 8,
722 4454 804 4520 12,
845 4453 927 4508 14.
961 4454 1013 4516 9,
1055 4455 1108 4516 7,
1148 4455 1197 4509 7.
1272 4455 1389 4508 Und
1424 4455 1609 4505 deum
1645 4452 1698 4515 8,
1735 4452 1822 4515 41,
1857 4449 1942 4503 24.
1981 4450 2034 4512 9,
2075 4451 2162 4512 35,
2204 4451 2296 4510 ,10.
2353 4481 2417 4490 -—-·
2465 4469 2629 4501 nex—

112 4533 324 4575 centa.
390 4525 474 4575 F.:
509 4524 801 4590 seoeaqinta.
841 4551 898 4562 —-
937 4525 1135 4589 facti.
1204 4527 1313 4576 Der
1352 4526 1648 4588 Gegensatz
1679 4536 1788 4574 von
1819 4520 2039 4600 pecunia
2071 4520 2370 4585 signata.
2433 4522 2482 4568 S.
2523 4522 2629 4572 Cic.

110 4593 251 4644 Verr.
286 4591 345 4652 2,
386 4590 444 4653 5,
478 4589 561 4653 25,
604 4587 695 4642 63;
736 4599 850 4641 erat
892 4607 954 4642 ea
984 4592 1131 4642 navis
1161 4591 1320 4659 plena
1358 4589 1621 4656 argenti
1655 4590 1839 4654 facts
1880 4594 2088 4652 atque
2123 4586 2410 4651 signati.

241 4682 297 4743 3,
340 4681 429 4745 35,
469 4682 550 4734 17.
590 4681 914 4736 Ceteram.
954 4685 1053 4734 Die
1080 4685 1220 4734 alten
1240 4685 1397 4748 Ausg.
1420 4683 1622 4733 haben:
1651 4688 1870 4732 ceterum
1907 4677 2004 4726 dii
2045 4682 2222 4724 tantae
2241 4676 2485 4739 fortunae
2497 4695 2633 4746 pro-

112 4749 323 4804 ditorem
358 4750 773 4819 sepulturae
800 4750 1036 4802 celeriter
1070 4749 1243 4801 debita
1268 4767 1435 4818 poena
1471 4748 1765 4816 persequuti
1787 4751 1919 4796 mnt-
1978 4745 2174 4808 Zumpt
2209 4745 2349 4798 nach
2391 4749 2626 4799 Gronov:
