2975 5350
341 364 458 432 194
675 388 686 418 ι
1267 355 1346 439 Q.
1393 356 1679 419 cun'rn
1724 356 1921 417 nuri
2026 376 2035 386 ·
2402 363 2415 392 ν
2523 361 2540 382 .
2600 364 2635 415 ,ι
2677 363 2701 402 ,ν

339 538 538 600 fieret:
609 529 706 593 ⁹·si
751 530 824 591 id·
851 530 1152 591 sustinere
1177 548 1324 589 -non
1370 532 1598 607 posset,
1642 530 1903 587 attamen
1944 542 2021 584 ne
2060 522 2347 603 proderet
2383 542 2475 599 se,
2512 522 2697 585 cuius
2738 542 2879 603 erga

340 634 538 711 ipsum
563 626 1002 690 benivolentiae
1041 630 1282 703 praeter
1313 624 1432 685 alia
1469 625 1589 685 hoc
1634 642 1879 703 quoque
1913 622 2163 683 haberet
2198 620 2590 683 fortissimum
2632 620 2876 701 pignus,

349 731 512 810 quod
557 728 742 804 caput
779 742 954 783 suum
993 722 1370 799 permisisset
1391 719 1533 779 fidei
1560 720 1757 779 adhuc
1768 704 2143 797 inexpertae.
2210 712 2265 755 ¹⁰
2278 718 2373 777 Ad
2400 716 2683 779 ultimum
2714 738 2875 782 aver·

341 826 462 887 sari
495 823 701 885 scelus
721 826 1209 898 perseverantem
1229 817 1444 877 mortis
1459 822 1625 878 metu
1650 821 1835 876 terret
1854 840 1873 875 e
1904 816 1979 875 ab
2004 814 2109 875 illo
2132 816 2333 893 eapite
2358 815 2719 877 coniuratos
2750 816 2875 894 pnl-

352 908 968 983 cherrimum‘sacinus
997 914 1401 973 inchoaturos,
1471 906 1515 947 ¹¹
1533 910 1699 973 Alias
1730 913 1945 991 deinde
1977 912 2375 973 effeminatum
2402 919 2465 973 et
2496 912 2877 973 muliebtiter

349 1018 638 1090 timidum,
680 1013 828 1074 alias
866 1012 1242 1090 proditorem
1277 1008 1561 1069 amatoris
1608 1010 1940 1087 appellans,
2002 1028 2165 1069 nunc
2208 1008 2470 1088 ingentia
2514 1010 2873 1087 promittens

343 1112 768 1193 interdumque
829 1128 1081 1188 regnum
1139 1124 1415 1187 quoque,
1465 1106 1745 1166 versabat
1794 1107 2057 1167 animum
2120 1111 2308 1165 tanto·
2334 1106 2607 1167 facinore
2658 1106 2871 1184 procul

341 1212 782 1275 abhorrentem.
850 1202 900 1245 12
913 1205 1201 1267 Strictum
1231 1202 1446 1263 deinde
1473 1201 1741 1280 gladium
1765 1204 1949 1264 modo
1982 1188 2163 1276 illius,
2190 1200 2375 1262 modo
2402 1220 2517 1261 suo
2542 1202 2871 1263 admovens

343 1309 568 1389 iugulo,
607 1303 867 1383 supplex
897 1302 1052 1362 idem
1091 1307 1151 1360 et
1176 1301 1442 1374 infestuS,
1477 1301 1776 1378 expressit
1799 1299 2053 1375 taudem,
2082 1306 2291 1360 utnon
2324 1296 2521 1361 solum
2552 1298 2868 1374 silentium,

344 1407 451 1468 sed
487 1402 665 1464 etiam
700 1417 946 1478 operam
979 1396 1392 1476 polliceretur.
1475 1389 1525 1433 ¹³
1540 1396 1817 1477 Namque
1842 1396 2083 1458 abunde
2115 1395 2445 1457 constantis
2478 1396 2671 1456 animi
2706 1404 2769 1457 et
2796 1397 2869 1456 di·

345 1520 511 1583 gnuS,
531 1499 632 1580 qui
653 1495 910 1577 pudicus
929 1499 1106 1568 esset,
1117 1492 1267 1553 nihil
1285 1512 1360 1553 ex
1374 1492 1626 1571 pristina
1640 1492 1945 1555 voluntate
1960 1498 2305 1568 mutaverat,
2319 1493 2426 1553 sed
2436 1498 2662 1571 captus
2675 1492 2866 1577 Dimm'

344 1617 548 1660 amore
572 1591 887 1656 simulabat
911 1590 1058 1650 nihil
1087 1608 1395 1650 recusare.
1437 1584 1486 1629 ¹⁴
1504 1590 1811 1651 Sciscitari
1840 1588 1977 1651 inde
2010 1588 2227 1668 pergit,
2258 1610 2397 1651 cum
2430 1589 2657 1671 quibus
2678 1595 2869 1651 tantae
2943 1632 2944 1661 ,

345 1695 432 1775 rei
482 1692 829 1754 societatem
887 1686 1123 1747 inisset:
1178 1685 1505 1764 plurimum
1564 1687 1823 1762 referre,
1884 1686 2091 1767 quales
2150 1686 2263 1747 viri
2321 1692 2438 1747 tam
2496 1686 2867 1747 memorabili

343 1789 518 1872 operi
565 1784 864 1849 admoturi
901 1802 1110 1844 manus
1151 1791 1368 1846 essent.
1448 1782 1634 1859 ¹f’llle,
1676 1784 1735 1844 e't
1785 1802 1993 1843 amore
2050 1788 2109 1842 et
2164 1780 2395 1843 scelere
2458 1782 2619 1843 male
2672 1790 2865 1855 sanae,
2943 1818 2944 1841 i

344 1884 524 1949 simul
563 1883 782 1963 gratias
815 1884 956 1962 agit,
991 1881 1169 1943 simul
1213 1880 1563 1958 gratulatur,
1604 1882 1767 1961 quod
1808 1879 2171 1941 fortissimus
2211 1877 2491 1940 iuvenum
2534 1899 2669 1940 non
2706 1880 2861 1941 dubi·

342 1988 528 2045 tasset
583 2000 678 2041 se·
708 1980 1034 2058 adiungere
1091 1977 1432 2053 DemetriO,
1483 1981 1765 2057 corporis
1828 1976 2099 2049 custodi,
2154 1975 2491 2052 Peucolao,
2540 1976 2867 2038 Nicanori.

343 2078 570 2141 adficit
609 2076 702 2138 his
746 2075 1190 2156 Aphoebetum,
1232 2076 1501 2152 Ioecuni,
1542 2075 1903 2149 Dioxenum,
1940 2072 2333 2152 Archepolim
2372 2079 2435 2133 et
2474 2073 2811 2151 Amyntam.

365 2198 370 2203 ·
506 2175 748 2247 XXVI.
793 2168 874 2241 ‚¹⁶
888 2172 988 2233 Ab
1031 2174 1148 2234 hoc
1191 2190 1472 2232 sermone
1513 2173 1793 2233 dimissus
1834 2171 2273 2246 Nicomachus,
2320 2170 2397 2231 ad
2434 2171 2717 2247 fratrem,
2760 2170 2866 2232 Ce-
2943 2194 2944 2201 ¹

339 2273 715 2337 balineuerat
756 2274 1186 2349 nomen,·quae
1222 2277 1561 2347 acceperat,
1605 2269 1815 2330 defert.
1900 2268 2133 2343 Placet,
2170 2266 2367 2346 ipsum
2422 2268 2761 2329 subsistere
2812 2268 2865 2327 in

341 2366 748 2441 tabernaculo,
786 2384 880 2442 ne,
927 2366 978 2427 si
1021 2365 1248 2443 regiam
1289 2365 1582 2441 intrasset,
1620 2385 1747 2425 non
1785 2371 2061 2425 assuetus
2102 2363 2269 2424 adire
2306 2383 2529 2443 regem,
2574 2364 2866 2425 coniurati

341 2464 618 2546 proditos
659 2480 729 2523 se
770 2480 906 2523 esse
947 2459 1362 2523 resciscerent.
1442 2458 1492 2501 ¹⁷
1504 2464 1640 2540 lpse
1676 2460 2001 2523 Cebalinus
2046 2467 2181 2523 ante
2232 2460 2593 2522 vestibulum
2652 2462 2865 2541 regiae,

340 2580 535 2642 neque
579 2559 736 2621 enim
780 2558 1034 2638 propius
1079 2558 1276 2619 aditus
1312 2558 1369 2618 ei
1411 2559 1670 2638 patebat,
1716 2558 2018 2635 consistit,
2056 2558 2383 2639 opperiens
2427 2558 2691 2639 aliquem
2730 2560 2870 2620 ami·
2943 2582 2944 2587 ¹

341 2681 552 2723 corum
592 2679 666 2719 ex
709 2654 902 2736 prima
939 2654 1208 2732 cohorte,
1249 2677 1370 2739 quo
1409 2657 1898 2719 introduceretur
1940 2656 2017 2719 ad
2054 2660 2279 2738 regem.
2354 2650 2407 2699 ¹⁸
2424 2656 2615 2719 Forte
2652 2657 2867 2722 ceteris

341 2757 637 2830 dimissis}
679 2771 838 2814 unus
887 2751 1186 2828 Philotas,
1231 2755 1643 2816 Parmenionis
1694 2753 1883 2829 filius,
1920 2756 2230 2830 incertum,
2271 2774 2449 2836 quam
2492 2755 2575 2816 ob
2610 2775 2866 2831 oausam,

341 2854 706 2917 substiterat·
725 2850 785 2911 in
813 2851 1008 2930 regia.
1078 2850 1232 2912 Huic
1257 2849 1601 2928 Cebalinus,
1648 2871 1757 2913 ore
1802 2851 2060 2911 confuso
2106 2870 2355 2930 magnae
2400 2853 2867 2931 perturbationis

341 2953 518 3014 notas
544 2968 786 3030 praese
831 2949 1048 3022 ferens,
1086 2947 1296 3026 aperit,
1335 2967 1488 3030 quae
1534 2969 1609 3009 ex
1646 2949 1833 3010 fratre
1871 2952 2267 3028 compererat,
2311 2951 2372 3009 et
2412 2949 2543 3010 siue
2583 2950 2868 3013 dilatione

478 3109 525 3171 6,
561 3108 648 3169 25,
685 3106 732 3158 9.
799 3105 1131 3154 Attamen.
1209 3107 1380 3156 Ueber
1429 3116 1486 3156 at
1532 3111 1668 3158 nach
1710 3109 1753 3156 si
1793 3123 1833 3158 s.
1885 3123 1951 3157 zu
1992 3105 2041 3165 3,
2086 3103 2162 3168 19,
2198 3105 2247 3156 2.
2315 3108 2486 3158 Ueber
2528 3116 2703 3158 tamen
2740 3112 2869 3160 nach

339 3181 385 3230 si
423 3195 462 3230 s.
507 3177 558 3238 5,
599 3173 684 3235 25,
727 3172 809 3222 15:
864 3172 910 3220 si
945 3173 1083 3220 iusta
1121 3189 1186 3222 ac
1215 3175 1309 3239 pia
1358 3173 1494 3224 bella
1532 3175 1603 3224 dii
1644 3183 1967 3236 aversantur,
2008 3174 2227 3240 forti-bus
2269 3183 2499 3225 tamen
2532 3177 2664 3226 viris
2705 3177 2869 3228 licebit

340 3247 542 3296 honeste
575 3243 720 3292 mori.
774 3239 822 3302 7,
863 3236 946 3300 24,
984 3236 1063 3288 42.
2398 3252 2400 3254 ·

475 3330 524 3393 6,
565 3331 651 3394 25,
691 3329 770 3383 11.
849 3328 1207 3378 Versabat.
1265 3332 1316 3380 S.
1351 3332 1460 3379 LiV.
1502 3328 1545 3391 1,
1586 3329 1669 3393 58,
1706 3330 1769 3384 3³
1836 3334 2169 3400 Tarquinium
2206 3335 2368 3399 fateri
2404 3350 2646 3398 amorem,
2702 3351 2867 3397 orare,

335 3403 548 3455 miscere
579 3397 816 3466 precibus
856 3397 1034 3458 vuinus,
1072 3413 1350 3448 versare
1384 3398 1442 3448 in
1481 3415 1648 3448 omnes
1679 3409 1859 3466 partes
1894 3401 2185 3452 vnuliebrem
2216 3404 2451 3452 animum.
2499 3430 2556 3439 —
2600 3399 2659 3462 6,
2679 3401 2765 3467 25,
2796 3402 2865 3452 12,

341 3471 641 3538 Operam.
708 3469 757 3516 S.
799 3463 850 3528 9,
895 3464 938 3525 1,
972 3461 1033 3514 3:
1071 3463 1386 3530 pollicentur
1423 3483 1643 3531 operam.
1694 3495 1745 3504 -—
1810 3467 1857 3531 6,
1898 3467 1986 3530 25,
2031 3469 2108 3521 13.
2150 3471 2449 3536 Namque
2490 3470 2711 3522 hezieht
2762 3472 2867 3523 sich

337 3539 810 3604 gewissermassen
859 3534 958 3584 auf
999 3533 1102 3584 den
1143 3547 1328 3597 wegen
1381 3535 1479 3587 der
1520 3533 1902 3601 Leb-hastigkeit
1950 3540 2049 3588 der
2086 3541 2419 3602 Darstellung
2470 3539 2865 3600 ausgefallenen

337 3607 652 3656 Gedanken:
695 3601 892 3652 iuravit
929 3599 1118 3665 linqua,
1172 3609 1386 3662 meatem
1418 3601 1700 3654 iniuratam
1739 3606 1887 3670 gerit.
1968 3609 2029 3656 S.
2064 3609 2173 3660 Cic.
2204 3608 2273 3658 de
2310 3608 2394 3658 off.
2430 3604 2479 3670 3,
2514 3604 2596 3667 29,
2643 3606 2767 3658 108.
2809 3633 2863 3644 -

337 3671 607 3723 abund-e.
683 3673 735 3720 S.
787 3668 834 3732 3,
884 3664 962 3731 16,
1001 3668 1081 3719 19.
1119 3670 1237 3718 Sall.
1290 3671 1404 3734 Jug.
1449 3668 1533 3732 14,
1579 3669 1666 3722 18;
1726 3673 1983 3723 abunde
2031 3690 2279 3740 magna
2316 3673 2579 3740 praesidia
2628 3673 2781 3724 nobis
2819 3675 2868 3722 in

333 3747 510 3792 vestra
545 3737 779 3788 amicitia
811 3738 939 3802 fore.
961 3763 1016 3773 —
1061 3736 1178 3786 sed
1213 3753 1338 3806 cap
1355 3745 1420 3786 tu
1436 3754 1472 3788 s.
1506 3739 1583 3789 F:
1606 3739 1695 3790 sed
1715 3756 1769 3789 se
1795 3748 2017 3806 captum.
2060 3743 2513 3794 Wahrscheinlich
2538 3741 2629 3791 secl
2664 3742 2867 3808 quasi

333 3817 527 3878 captus.
1139 3819 1145 3824 “

469 3897 522 3962 6,
559 3897 648 3958 25,
689 3895 770 3950 15.
837 3894 1018 3960 Male
1055 3911 1296 3958 sanus,
1355 3897 1505 3946 nicht
1540 3897 1693 3946 recht
1730 3897 1869 3962 klug‚
1928 3896 2031 3952 wic
2068 3900 2173 3950 Cic.
2210 3901 2280 3950 ad
2312 3903 2415 3950 Att.
2450 3897 2499 3963 9,
2540 3898 2623 3962 15,
2662 3899 2723 3952 5:
2784 3916 2864 3966 eqo

333 3968 481 4022 illum
535 3965 710 4019 male
763 3979 996 4014 sanum
1045 3979 1240 4030 semper
1281 3964 1477 4029 putavi.
1521 3991 1583 4000 —-
1640 3966 1710 4028 fo
1731 3966 2083 4016 missimus.
2138 3968 2391 4024 ,Anderez
2444 3968 2763 4032 fortissimis,
2808 3995 2860 4004 -

335 4036 724 4098 adiungere.
783 4033 868 4080 F.:
921 4031 1138 4094 iungere.
1185 4057 1240 4066 —
1306 4029 1581 4081 Ioecum.
1636 4031 1715 4094 131:
1770 4033 2003 4087 Loceum.
2056 4063 2113 4072 --
2176 4042 2240 4083 et
2274 4033 2636 4100 Amyntam.
2706 4038 2867 4088 Sonst

334 4104 498 4168 pflegt
535 4099 672 4150 auch
711 4100 765 4148 C.
804 4097 892 4146 bei
933 4099 1030 4147 der
1062 4097 1626 4163 Aneinanderreihung
1661 4102 1934 4152 mehrerer
1971 4105 2195 4152 Nomina
2228 4103 2377 4152 nicht
2415 4104 2495 4153 fiir
2528 4105 2635 4154 den
2668 4105 2863 4154 letzten

335 4183 442 4218 von
480 4170 578 4218 der
611 4167 770 4215 Form
813 4165 908 4214 des
941 4165 1251 4226 Asyndeton
1291 4165 1614 4228 abzugehen.
1650 4175 1655 4182 ’
1688 4169 2014 4220 Scheinbare
2050 4169 2393 4220 Ausnahmen
2433 4186 2475 4222 s.
2516 4167 2571 4232 4,
2604 4169 2688 4230 21,
2732 4171 2783 4222 5.
2820 4169 2862 4232 5,
2943 4175 2944 4184 ¹

336 4233 418 4297 19,
464 4233 540 4287 18.
599 4233 884 4286 Wirkliche
915 4231 964 4292 7,
1005 4229 1051 4294 5,
1086 4229 1169 4283 38.
1207 4229 1254 4294 7,
1291 4229 1373 4294 30,
1413 4230 1458 4282 9.
1502 4231 1550 4294 8,
1584 4231 1668 4283 21.
1696 4231 1743 4285 9.
1802 4237 1908 4286 Das
1936 4237 2330 4302 Polysyndeton
2368 4240 2435 4288 ist
2466 4240 2575 4288 ihm
2604 4241 2735 4290 sehr
2772 4255 2859 4303 ge-

335 4303 626 4363 wohnlich;
686 4315 728 4351 s.
769 4297 816 4361 3,
860 4296 942 4361 24,
983 4297 1034 4348 7.
1091 4297 1142 4358 4,
1184 4297 1263 4361 19,
1302 4298 1378 4349 12.
1429 4295 1477 4364 4,
1516 4297 1601 4362 21,
1638 4297 1684 4351 4.
1736 4298 1821 4364 55,
1866 4301 1942 4354 12.
2000 4299 2082 4366 48,
2121 4301 2199 4355 12.
2234 4301 2317 4367 52,
2372 4304 2415 4355 1.
2453 4305 2536 4369 55,
2574 4303 2658 4357 24.
2692 4305 2745 4368 6,
2787 4306 2863 4369 31,

335 4371 414 4424 17.
452 4369 501 4433 6,
535 4367 622 4430 32,
659 4367 705 4420 5.
749 4365 830 4429 33,
873 4365 922 4419 7.
959 4364 1040 4430 42,
1081 4367 1156 4418 10.
1196 4366 1248 4428 7,
1293 4365 1376 4427 11,
1411 4365 1462 4416 2.
1508 4365 1586 4430 15,
1621 4366 1669 4418 6.
1711 4368 1792 4433 34,
1832 4367 1907 4421 13.
1946 4370 1997 4432 8,
2040 4371 2088 4434 5,
2125 4369 2205 4422 52.
2247 4371 2294 4434 8,
2336 4369 2423 4434 24,
2460 4371 2509 4422 4.
2549 4373 2630 4438 10,
2671 4373 2718 4437 1,
2754 4373 2799 4425 1.

457 4460 524 4526 6,“
553 4449 752 4524 26‚''17.
824 4455 1201 4507 Amicorum
1241 4474 1317 4505 ex
1361 4458 1587 4524 prima
1626 4457 1923 4510 cohorte.
1977 4463 2054 4512 R:
2112 4464 2377 4529 ‹ea-prima
2414 4465 2625 4516 cohorte
2662 4466 2863 4514 amico-

326 4549 456 4582 rum.
501 4559 555 4566 -
622 4525 676 4589 6,
707 4523 794 4586 26,
835 4525 930 4597 18.Δ
973 4525 1098 4573 Ore
1151 4525 1449 4588 confuso.
1516 4527 1569 4576 S.
1621 4528 1728 4576 Liv.
1765 4523 1847 4592 41,
1888 4525 1971 4590 15,
2014 4529 2071 4580 1:
2102 4529 2263 4598 paulo
2304 4540 2426 4598 post
2456 4534 2613 4584 rediit
2649 4535 2863 4598 confuso

331 4599 494 4659 vultu,
533 4600 652 4648 eine
687 4597 844 4658 Folge
879 4593 976 4644 des
1014 4593 1364 4643 SchreckenS.
1398 4620 1460 4628 —
1503 4591 1646 4642 sine
1686 4594 2054 4646 dilatione.
2101 4599 2181 4648 F.:
2221 4599 2330 4648 sine
2370 4601 2712 4651 cunctatione.
2767 4603 2864 4651 ln-

334 4669 512 4716 sosern
553 4662 790 4713 cunctari
833 4663 946 4731 sich
988 4661 1084 4710 auf
1113 4661 1200 4711 die
1229 4661 1723 4712 Bedenklichkeiten
1759 4663 1989 4725 bezieht,
2031 4662 2201 4716 durch
2242 4667 2445 4719 welche
2470 4669 2696 4720 Jemand
2739 4684 2865 4720 ver-

332 4734 535 4781 anlasst
567 4733 718 4792 wird,
763 4731 850 4782 die
881 4727 1232 4779 unverweilte
1261 4729 1619 4792 Ausffihrung-
1641 4731 1789 4782 einer
1818 4732 2097 4796 Hand'lung
2134 4749 2219 4784 zu·
2240 4737 2610 4797 verschieben‚
2652 4738 2865 4788 scheint

331 4798 441 4847 sine
475 4797 808 4847 cunctatione
837 4797 990 4870 recht
1029 4806 1380 4860 angemessen
1419 4811 1486 4846 zu
1528 4798 1661 4848 sein.
1720 4801 1768 4849 S.
1810 4795 1865 4858 6,
1906 4795 1989 4862 40,
2030 4797 2111 4851 34.
2586 4830 2591 4838 -
