2975 5350
307 334 439 405 an
496 288 504 295 ’
1257 330 1338 414 Q.
1379 330 1663 396 suurn
1699 331 1899 395 nuri

313 510 666 589 coeperunt.
751 499 940 567 *Erat
992 523 1190 585 prope
1241 504 1563 566 continuus
1616 500 1779 565 coeli
1824 504 2053 582 fragor,
2112 506 2177 564 et
2219 500 2451 581 passim
2496 500 2855 565 cadentium

312 602 626 667 fulmimm
677 600 916 683 species
972 601 1294 665 visebatur.
1379 599 1789 681 Attonitisque
1840 599 2083 660 auribus
2146 602 2393 679 stupens
2452 618 2673 678 agmen
2730 618 2857 660 nec

312 699 604 781 progredi
661 716 776 760 nec
819 698 1154 761 consistere
1193 698 1473 762 audebat.
1562 693 1760 759 ⁵Tum
1802 703 2053 776 repente
2100 694 2293 757 imber
2348 696 2703 775 grandinem
2766 696 2861 756 in-

315 796 546 859 cutiens
595 794 881 857 torrentis
933 796 1122 857 modo
1169 795 1508 857 effunditur.
1594 793 1687 857 Ac
1746 794 1943 873 primo
1998 791 2239 874 quidem
2284 793 2467 854 armis
2520 793 2649 855 suis
2700 794 2859 854 tecti

315 898 696 972 exceperant,
743 890 856 956 sed
895 891 1014 953 iam
1051 912 1166 953 nec
1209 890 1472 953 retinere
1512 909 1678 953 arma
1731 889 2003 953 lubricae
2046 894 2109 951 et
2153 890 2417 969 rigentes
2472 908 2691 951 manus
2738 910 2861 970 po-

315 995 532 1064 teraut,
575 1008 690 1050 nec
723 987 846 1068 ipsi
883 988 1204 1065 destinare,
1239 988 1304 1049 in
1345 1007 1525 1069 quam
1562 989 1871 1067 regionem
1910 985 2297 1049 obverterent
2330 1006 2617 1067 corpora,
2654 1006 2857 1068 quum

317 1086 586 1167 undique
619 1084 991 1165 tempestatis
1031 1084 1317 1147 violentia
1359 1086 1570 1160 maior,
1617 1102 1796 1165 quam
1834 1083 2149 1159 vitabatur,
2186 1102 2479 1146 occurret
2493 1090 2585 1145 et.
2634 1078 2851 1162 “Ergo

316 1182 630 1246 ordinibus
668 1181 884 1245 solutis
925 1201 1044 1262 per
1085 1188 1278 1243 totum
1319 1181 1538 1243 saltum
1582 1180 1988 1242 errabundum
2034 1198 2246 1259 agmen
2292 1180 2631 1254 ferebatur-3
2691 1180 2857 1241 mul-

315 1278 484 1359 tique
520 1277 692 1357 prius
729 1284 912 1355 metu,
965 1298 1146 1360 quam
1197 1278 1408 1341 labore
1451 1276 1771 1357 defatigati,
1830 1282 2283 1356 prostraverant
2333 1277 2500 1339 humi
2556 1296 2855 1357 corpora,

317 1394 677 1457 quamquam
719 1374 970 1436 imisrem
1013 1375 1105 1437 vis
1147 1374 1392 1454 frigoris
1445 1378 1735 1437 concreto
1778 1372 1921 1452 gelu
1960 1373 2331 1435 astrinxerat.
2420 1368 2584 1435 ⁷Alii
2632 1394 2703 1436 se
2750 1375 2853 1437 sti-

317 1470 546 1551 pitibus
587 1471 872 1533 arborum
919 1472 1340 1533 admoverant:
1397 1472 1460 1533 id
1512 1470 1789 1549 plurimis
1832 1475 1893 1530 et
1935 1468 2363 1532 adminiculum
2402 1477 2467 1531 et
2518 1472 2855 1552 suffugium

319 1573 466 1628 erat.
547 1561 732 1629 ⁰Nec
767 1567 1012 1630 fallebat
1051 1570 1221 1649 ipsos
1254 1567 1436 1629 morti
1473 1567 1681 1628 locum
1718 1566 1959 1647 eligere,
2020 1586 2205 1648 (mum
2254 1567 2593 1630 immobiles
2650 1569 2856 1631 vitalis

317 1663 492 1725 calor
521 1663 850 1746 linqueret:
911 1665 1023 1727 sed
1059 1671 1230 1746 grata
1267 1670 1398 1726 erat
1437 1662 1678 1744 pigritia
1722 1682 2054 1745 corporum
2094 1664 2368 1744 fatigatis,
2422 1684 2537 1727 nec
2604 1686 2856 1728 recusa-

319 1758 464 1821 bant
501 1760 770 1840 extingui
807 1760 1196 1843 quiescendo,
1279 1760 1527 1841 Quippe
1568 1780 1695 1823 nou
1726 1762 2051 1824 vehemens
2092 1760 2292 1836 modo,
2334 1762 2445 1823 sed
2490 1762 2675 1825 etiam
2714 1784 2855 1843 per-

319 1856 482 1919 tinax
519 1857 614 1919 vis
652 1856 792 1919 mali
829 1858 1164 1931 insistebat3
1208 1858 1547 1939 lucemque,
1582 1856 1857 1920 naturale
1900 1857 2200 1934 solatium,
2247 1865 2489 1939 praeter
2524 1865 2854 1940 tempesta-

317 1958 440 2015 tem
479 1954 640 2017 haud
689 1954 992 2036 disparem
1032 1956 1199 2017 nocti
1249 1955 1537 2017 silvarum
1590 1972 1835 2036 quoque
1888 1953 2102 2017 umbra
2147 1962 2583 2043 suppresserat.
2676 1953 2855 2018 ⁹Rex

317 2068 476 2113 unus
519 2051 668 2114 tanti
701 2051 846 2113 mali
886 2050 1120 2131 patiens
1165 2052 1486 2115 circumire
1524 2050 1760 2127 milites,
1806 2051 2163 2112 contrahere
2202 2052 2530 2133 dispersos
2582 2052 2855 2115 allevare

319 2154 674 2227 prostratos,
729 2148 1052 2211 ostendere
1106 2149 1329 2231 procul
1383 2148 1694 2211 evolutum
1746 2166 1823 2209 ex
1868 2147 2125 2227 tuguriis
2168 2149 2414 2226 fumum,
2474 2151 2851 2233 hortarique,

315 2249 388 2307 ut
425 2246 700 2325 proxima
753 2262 1028 2325 quaeque
1080 2245 1333 2325 suffugia
1385 2250 1774 2325 occuparent.
1860 2239 1915 2285 ¹⁰
1930 2244 2065 2307 Nec
2116 2244 2243 2305 ulla
2292 2264 2393 2308 res
2442 2246 2635 2328 magis
2669 2249 2851 2311 saluti

315 2340 446 2417 fuit,
485 2360 665 2423 quam
707 2341 872 2421 quod
915 2340 1314 2421 multiplicato
1354 2341 1569 2403 labore
1608 2341 2003 2403 sufficientem
2046 2340 2236 2418 malis,
2293 2342 2513 2423 quibus
2550 2343 2675 2424 ipsi
2722 2365 2850 2407 ces-

315 2443 536 2513 serant,
579 2454 784 2517 regem
827 2432 1110 2499 deserere
1159 2438 1612 2500 erubescebant.

463 2534 632 2595 -XV.
693 2528 1038 2596 “Ceterum
1073 2535 1386 2597 efficacior
1418 2535 1482 2595 in
1526 2533 1797 2595 adversis
1832 2534 2179 2612 necessita,
2224 2554 2402 2617 quam
2445 2536 2619 2613 ratio,
2664 2538 2849 2620 frigo-

317 2628 404 2693 ris
449 2630 779 2694 remedium
834 2630 1076 2695 invenit.
1157 2632 1446 2694 Dolabris
1504 2630 1660 2694 enim
1708 2629 1891 2694 silvas
1941 2638 2213 2694 sternere
2264 2634 2552 2713 aggressi,
2624 2636 2848 2716 passim

319 2745 572 2792 acervos
629 2735 950 2811 struesque
1003 2730 1431 2792 accenderunt.
1516 2723 1587 2769 ‘¹²
1602 2727 1950 2790 Continenti
1986 2729 2267 2792 incendio
2308 2730 2523 2793 ardere
2548 2735 2849 2796 ’crederes

319 2824 540 2887 saltum
575 2832 638 2887 et
687 2825 790 2887 vix
827 2825 986 2890 inter
1019 2827 1288 2888 flammas
1329 2824 1666 2905 agminibus
1718 2823 1995 2887 relictum
2036 2827 2261 2889 locum.
2345 2828 2459 2888 llic
2508 2831 2683 2892 calor
2728 2839 2849 2894 stu-

320 2922 522 3000 pentia
567 2922 836 2984 membra
871 2923 1213 2998 commovit,
1257 2921 1669 3002 paulatimque
1704 2920 1971 3000 spiritus,
2012 2941 2191 3005 quem
2241 2924 2623 2988 continuerat
2660 2927 2847 3008 rigor,
2935 2949 2936 2960 ¹

319 3033 520 3079 meare
561 3017 754 3080 libere
795 3019 1017 3097 coepit.
1081 3013 1455 3098 ¹³Excepere
1492 3017 1645 3080 alios
1686 3023 1849 3091 tecta
1876 3018 2287 3100 barbarorum,
2329 3041 2487 3104 quae
2532 3023 2597 3085 in
2636 3025 2849 3088 ultimo

321 3112 477 3175 saltu
517 3113 720 3176 abdita
755 3114 1083 3177 necessitas
1125 3113 1612 3193 investigaverat:
1672 3113 1829 3177 alios
1872 3121 2085 3194 castra,
2128 3137 2285 3198 quae
2326 3119 2389 3180 in
2428 3119 2677 3184 humido
2720 3123 2847 3204 qui-

321 3392 447 3446 geu,
481 3382 570 3433 die
605 3382 884 3434 iunerhulb
921 3383 1069 3434 eines
1107 3381 1418 3446 gegebenen
1456 3383 1687 3434 Raumes
1734 3384 1869 3436 oder
1912 3388 2050 3439 nach
2100 3388 2411 3454 gegebeuen
2443 3393 2708 3442 Gesetzen
2756 3395 2851 3442 mit

323 3450 474 3500 einer
521 3451 788 3513 gewissen
819 3451 1282 3515 Regelma'ssigksit
1327 3450 1659 3502 sortdauern.
1730 3453 1906 3506 Daber
1951 3457 2067 3506 hier
2108 3471 2237 3508 vom
2273 3459 2459 3520 Heere,
2519 3461 2573 3510 iu
2626 3473 2689 3510 so
2736 3461 2847 3510 feru

322 3515 720 3636 ῗξὴθᾱαὸεἳῑὲο
736 3518 854 3637 9aul*
901 3519 1052 3572 einer
1089 3519 1434 3570 Heerstrasse
1472 3519 1815 3586 regelmassig
1865 3522 2199 3590 fortbewegt.
2277 3527 2450 3590 Vergl.
2483 3525 2538 3587 5,
2579 3523 2631 3590 4,
2668 3525 2756 3578 30.
2798 3525 2848 3586 3,
2931 3599 2932 3603 ἵ

391 3620 789 3649 ,,,,,

457 3673 511 3737 8,
553 3671 635 3739 14,
676 3673 724 3727 4.
793 3673 1008 3726 Fumi
1021 3690 1171 3726 num.
1245 3676 1356 3727 Der
1402 3679 1595 3729 Zusatz
1642 3677 1931 3730 cadentium
1976 3683 2052 3734 ist
2102 3681 2480 3746 bezeichnend,
2540 3649 2627 3735 ἀεὶ
2656 3683 2851 3749 fulmen

321 3744 654 3808 gewohulich
703 3757 811 3795 von
859 3745 982 3794 dem
1037 3745 1112 3794 im
1143 3745 1401 3796 Zickzack
1443 3757 1542 3795 zur
1578 3745 1719 3796 Erde
1775 3748 2065 3800 fabrenden
2102 3753 2246 3814 Blitz,
2311 3754 2436 3804 dem
2472 3753 2849 3804 Wetterstrahl

324 3800 762 3932 ἱᾱαὴῖἰὲιβιξέιίἕο
796 3811 942 3879 icti),
978 3809 1156 3878 fulgur
1194 3813 1432 3878 dagegen
1465 3825 1571 3865 nur
1608 3826 1717 3862 von
1756 3815 1878 3866 dem
1905 3817 2053 3878 mita,
2088 3821 2140 3868 in
2180 3833 2245 3871 so
2282 3821 2397 3871 feru
2418 3835 2479 3871 er
2514 3821 2713 3884 glanzt,
2750 3837 2849 3886 ge-

363 3893 458 3930 rau
661 3896 690 3931 r
730 3919 743 3931 .
1978 3915 1987 3920 ·

457 3966 513 4030 8,
552 3968 632 4033 14,
673 3967 725 4024 6.
796 3968 1278 4021 Aurinia-erat.
1347 3973 1398 4021 S.
1439 3968 1487 4032 3,
1528 3968 1615 4032 34,
1654 3968 1703 4022 7.
1742 3971 1908 4036 7,13,
1948 3927 2027 4025 18.
2064 4003 2121 4013 -
2180 3974 2229 4040 8,
2270 3975 2349 4042 14,
2384 3975 2431 4030 7.
2504 3977 2849 4028 Admove-

325 4039 504 4087 rant.
573 4040 625 4088 S.
655 4035 704 4100 8,
746 4035 829 4098 10,
865 4033 968 4088 38:
1027 4036 1230 4086 arboris
1261 4039 1537 4106 proximae
1582 4039 1750 4106 stipiti
1798 4056 1853 4089 se
1896 4041 2255 4109 applicuit.
2326 4047 2497 4110 vergl.
2533 4043 2587 4106 8,
2624 4045 2715 4107 15,
2761 4045 2848 4097 14:

325 4102 998 4222 ffmoasspnqafm
1032 4103 1276 4155 arborum
1310 4107 1522 4157 mucis.
1562 4131 1629 4144 -
1678 4105 1725 4172 8,
1767 4105 1846 4172 14,
1880 4108 1931 4159 8.
1986 4109 2201 4164 Horti.
2263 4117 2316 4164 S.
2344 4127 2413 4164 zu
2448 4112 2501 4175 7,
2542 4111 2630 4177 26,
2668 4114 2751 4165 13.
2793 4142 2845 4152 -

361 4204 380 4232 ,
483 4209 496 4234 ,
601 4211 612 4221 .
701 4172 1152 4236 afficientem.
1209 4175 1258 4223 S.
1299 4187 1367 4224 zu
1405 4170 1459 4234 3,
1501 4169 1583 4234 16,
1627 4171 1706 4225 19.

459 4268 512 4335 8,
549 4269 630 4334 15,
670 4270 750 4324 11.
823 4263 1252 4337 Efficacior.
1318 4275 1368 4324 S.
1403 4269 1452 4337 4,
1499 4270 1581 4334 16,
1620 4270 1719 4326 243
1767 4283 1987 4330 ceterum
2033 4278 2301 4343 efficacior
2348 4281 2485 4330 omni
2520 4289 2639 4331 arte
2670 4299 2848 4332 neces-

325 4338 472 4390 sitas.
510 4367 569 4378 -
608 4335 657 4402 8,
703 4337 782 4403 15,
828 4337 906 4390 12.
944 4339 1312 4406 stupentia
1346 4338 1651 4393 membra.
1716 4343 1809 4394 Bei
1844 4351 1998 4413 torp
2016 4362 2123 4396 ere
2153 4349 2225 4400 ist
2258 4349 2345 4400 die
2384 4350 2727 4413 Eigenschal't
2757 4352 2848 4402 des

325 4410 547 4459 Starren
585 4409 699 4459 und
740 4406 1181 4471 Unheweglichen
1224 4409 1279 4458 in
1315 4422 1378 4458 so
1410 4409 1527 4460 reru
1566 4408 1895 4475 bezeichnet,
1952 4415 2029 4465 als
2068 4415 2152 4467 die
2190 4416 2541 4468 Lebenskrast
2586 4419 2643 4468 in
2678 4419 2848 4470 ihrem

323 4476 537 4540 Princip
572 4475 802 4541 gelahmt
831 4476 1114 4538 erscheiut,
1144 4475 1399 4527 wahrend
1420 4491 1545 4528 man
1576 4477 1655 4528 sie
1677 4477 1766 4530 bei
1805 4486 2072 4547 stupere
2106 4497 2209 4533 nur
2243 4485 2298 4533 in
2338 4485 2493 4536 ihren
2520 4487 2847 4552 Wirkungen

325 4545 436 4659 111ἓά
475 4545 881 4607 Aeusserungen
920 4543 1190 4608 gehemmt
1223 4543 1403 4594 denkt.
1475 4546 1583 4595 Fur
1620 4551 1824 4612 torpere
1860 4549 2021 4612 vergi.
2065 4550 2179 4600 hes:
2218 4553 2275 4601 C.
2314 4548 2367 4612 4,
2405 4549 2493 4613 54,
2536 4549 2619 4602 13.
2674 4549 2729 4614 4,
2764 4552 2846 4615 61,

452 4608 536 4670 10,
578 4608 660 4671 15,
693 4608 745 4660 7.
812 4610 1012 4676 Wegeu
1053 4616 1258 4676 stupere
1295 4612 1349 4661 C.
1392 4608 1441 4674 4,
1473 4609 1561 4674 27,
1599 4610 1677 4664 19.
1732 4615 1859 4665 Plin.
1899 4618 1958 4668 N.
1995 4617 2055 4668 Η.
2099 4615 2179 4679 14,
2214 4615 2303 4679 21,
2352 4617 2456 4671 27:
2502 4619 2615 4670 vini
2656 4627 2850 4672 matra

326 4688 429 4723 non
461 4675 700 4740 qelascit,
739 4673 877 4726 alias
916 4676 1001 4728 ad
1042 4678 1272 4746 frique
1307 4685 1595 4746 stupens
1637 4686 1907 4735 tantun.

459 4761 507 4825 8,
547 4763 628 4828 15,
664 4764 741 4818 13
813 4765 1085 4822 Abdita.
1143 4770 1195 4818 S.
1239 4781 1308 4820 zu
1341 4768 1390 4834 8,
1433 4768 1517 4832 10,
1555 4767 1637 4822 37.
1676 4799 1741 4810 --
1788 4773 1869 4824 in
1914 4773 2199 4828 humido.
2275 4779 2334 4828 In
2384 4777 2541 4844 Fulge
2592 4779 2692 4832 des
2742 4779 2847 4832 be-
