2975 5350
575 357 686 425 ιν.
726 331 870 423 xii.
915 361 974 423 6.
1038 361 1093 423 τ.
1136 355 1311 424 xm.
1353 350 1607 423 7-12
1658 355 1830 423 xlv.
1880 359 2177 423 13—16.
2558 353 2643 422 va

59 530 606 616 sequutae'erant,
631 529 938 614 'pleraque
964 547 1174 590 secum
1216 529 1276 590 in
1314 528 1682 609 profundum
1726 528 1975 590 dabant:
2014 535 2141 591 tum
2176 528 2410 592 levatos
2451 530 2641 592 onere

60 632 338 712 stipites
361 635 738 708 truncosque
759 625 1048 688 arborum
1079 627 1238 688 haud
1267 643 1447 706 aegre
1485 625 1920 688 moliebantur:
1964 626 2183 688 deinde
2224 631 2417 689 totum
2464 637 2639 708 opus,

60 730 260 812 quod
301 725 614 807 stipitibus
652 725 853 784 fuerat
895 723 1184 804 innixum,
1221 723 1611 784 fundamento
1646 724 1821 802 lapso
1866 723 2249 803 sequebatur.

243 822 292 866 ¹¹
313 827 524 902 Aegro
582 819 762 881 animi
799 819 1148 881 Alexandro
1203 837 1320 881 nec
1381 826 1823 900 perseveraret,
1876 839 1955 881 an
1992 820 2185 882 abiret
2198 869 2215 897 ,
2262 821 2409 882 satis
2448 825 2638 899 cena,

71 922 318 986 classis
343 923 556 1000 Cypro
578 916 836 992 advenit,
876 917 1214 997 eodemque
1251 923 1527 997 tempore
1558 916 1861 978 Cleander
1896 937 2035 978 cum
2076 918 2311 1004 graecis
2352 918 2639 984 militibus

67 1024 143 1083 in
196 1019 416 1081 Asiam
458 1035 658 1094 nuper
697 1013 1001 1075 advectus.
1089 1013 1347 1074 Centum
1389 1021 1450 1075 et
1483 1012 1808 1093 nonaginta
1846 1014 2086 1076 navium
2124 1013 2377 1076 classem
2410 1017 2474 1076 in
2514 1017 2641 1079 duo

73 1117 320 1179 dividit
355 1116 614 1176 cornua:
657 1111 896 1172 laevum
937 1111 1332 1190 Pnytagoras,
1367 1129 1478 1171 rex
1524 1109 1913 1188 Cypriorum,
1956 1130 2095 1172 eum
2136 1113 2395 1174 Cratero
2436 1115 2643 1176 tueba-

73 1220 218 1289 tur,
271 1209 683 1276 Alexandrum
725 1207 788 1269 in
849 1205 1064 1270 dextro
1117 1205 1567 1288 quinqueremis
1620 1206 1791 1296 regia
1844 1207 2115 1270 vehebat.
2193 1203 2321 1270 12Ν
2322 1229 2396 1271 ec
2451 1211 2641 1292 Tyrii,

75 1327 466 1392 quamquam
514 1305 776 1368 classem
816 1303 1148 1382 habebant,
1206 1305 1338 1368 ansi
1378 1304 1589 1366 navale
1638 1303 1789 1366 inire
1834 1309 2135 1367 certamen
2144 1305 2165 1366 'z
2224 1306 2333 1367 tris
2390 1308 2641 1370 omnino

77 1413 236 1468 ante
276 1406 418 1486 ipsa
455 1402 698 1464 moenia
741 1408 1177 1482 opposuerunt,
1225 1401 1442 1482 quibus
1485 1419 1597 1462 rex
1632 1401 1905 1462 invectus
1942 1403 2107 1486 ipsas
2152 1397 2450 1466 demersit.

267 1501 450 1564 XIV.
514 1495 838 1561 ¹3Postera
885 1498 984 1559 die
1022 1498 1216 1561 classe
1265 1499 1342 1560 ad
1383 1498 1623 1560 moenia
1670 1498 1938 1576 admota,
2000 1499 2271 1581 undique
2328 1503 2642 1566 tormentis

85 1605 156 1662 et
205 1598 472 1660 maxime
519 1596 769 1658 arietum
797 1595 1004 1676 pulsu
1042 1615 1256 1658 muros
1311 1596 1529 1684 quatit:
1590 1612 1746 1676 quos
1796 1595 1967 1684 Tyrii
2001 1597 2237 1676 -raptim
2312 1600 2641 1664 obstructis

85 1697 263 1758 saxis
299 1697 680 1769 refecerunt,
723 1692 1070 1753 interiorem
1113 1711 1360 1773 quoque
1399 1709 1666 1767 murum,
1706 1696 1801 1768 ut,
1847 1692 1899 1753 si
1937 1694 2111 1773 prior
2152 1695 2491 1775 fefellisset,
2530 1699 2641 1761 illo

86 1813 164 1854 se
213 1787 569 1868 tuerentur,
612 1790 756 1853 orsi.
818 1783 1011 1850 ¹⁴Sed
1067 1787 1334 1871 undique
1393 1789 1486 1850 vis
1536 1788 1679 1849 mali
1740 1789 2021 1868 urgebat:
2078 1792 2275 1854 moles
2326 1794 2483 1855 intra
2536 1793 2645 1856 teli

89 1891 340 1950 iactum
385 1894 539 1965 erat,
601 1887 813 1949 classis
848 1885 1090 1974 moenia
1133 1885 1486 1947 circumibat
1502 1934 1518 1961 ,
1577 1886 1848 1946 terrestri
1898 1887 2075 1948 simul
2112 1889 2427 1972 navalique
2470 1891 2643 1955 clade

91 1987 544 2048 obruebantur.
631 1983 875 2070 Quippe
920 1982 1092 2043 binas
1137 1983 1551 2069 quadriremes
1590 1981 1955 2044 Macedones
2000 1985 2158 2046 inter
2199 2005 2267 2048 se
2306 1987 2393 2049 ita
2439 1989 2647 2051 iunxe-

90 2089 263 2159 rant,
304 2087 374 2144 ut
393 2081 1053 2162 prorae—cohaererent,
1089 2097 1330 2157 puppes
1371 2077 1711 2153 intervall0,
1754 2085 2039 2158 quantum
2082 2101 2301 2160 capere
2344 2090 2643 2162 poterant,

99 2179 426 2240 distarent.
468 2173 520 2218 ¹⁵
554 2179 688 2240 Hoc
727 2177 1025 2256 puppium
1063 2173 1444 2235 intervallum
1487 2175 1761 2236 antennis
1806 2176 2225 2259 asseribusque
2272 2178 2489 2241 validis
2542 2182 2639 2243 de-

95 2275 345 2354 ligam,
388 2293 690 2357 superque
729 2293 838 2335 eos
882 2271 1171 2352 pontibus
1213 2271 1444 2347 stratis,
1492 2273 1594 2353 qui
1636 2272 1885 2334 militem
1931 2273 2320 2353 sustinerent,
2362 2277 2648 2358 impleve-

95 2377 279 2433 rant:
345 2371 434 2434 sie
493 2372 812 2432 instructas
866 2368 1281 2451 quadriremes
1333 2370 1410 2429 ad
1463 2370 1676 2430 urbem
1732 2370 2020 2451 agebant:
2085 2373 2226 2435 inde
2281 2373 2529 2439 missilia
2584 2377 2647 2438 in

97 2474 572 2550 propugnantes
611 2467 1038 2546 ingerebantur
1077 2470 1209 2527 tuto
1230 2515 1247 2542 ,
1307 2466 1448 2546 quia
1489 2467 1693 2546 proris
1740 2468 1911 2531 miles
1970 2471 2301 2551 tegebatur.
2378 2467 2434 2512 ¹⁶
2446 2473 2648 2537 Media

101 2587 238 2628 nox
283 2574 444 2643 erat,
504 2585 688 2646 quum
733 2565 990 2624 classem
1010 2610 1025 2637 ,
1077 2561 1255 2624 sicuti
1299 2564 1525 2625 dictum
1567 2570 1687 2642 est,
1732 2572 1999 2645 paratam
2020 2616 2035 2643 ,
2079 2569 2397 2631 circumire
2438 2591 2647 2634 muros

104 2663 313 2737 iubet3
373 2662 608 2745 iamque
648 2681 832 2723 naves
869 2659 1008 2722 urbi
1045 2659 1308 2741 undique
1345 2660 1847 2739 admovebantur,
1912 2670 1971 2725 et
2012 2665 2183 2745 Tyrii
2226 2667 2648 2749 desperatione

105 2758 470 2839 torpebant:
529 2778 715 2843 quum
753 2758 953 2821 subito
999 2757 1228 2838 spissae
1277 2758 1468 2818 nubes
1512 2757 1822 2820 intendere
1864 2778 1931 2820 se
1976 2761 2187 2843 coelo,
2228 2770 2315 2841 et,
2360 2766 2650 2849 quicquid

112 2995 164 3030 z.
201 2980 256 3029 B.
299 2975 347 3041 4,
383 2976 466 3042 30,
508 2976 590 3029 13.
626 2976 678 3038 5,
720 2974 797 3040 10,
834 2974 896 3039 8;
937 2977 1026 3028 bei
1065 2983 1251 3027 cuncta
1284 2973 1330 3038 3,
1371 2974 1419 3039 3,
1457 2974 1541 3028 21.
1577 2972 1625 3041 4,
1661 2973 1710 3040 5,
1751 2966 1832 3029 31.
1872 2974 1921 3039 4,
1966 2975 2044 3039 15,
2084 2972 2166 3028 23.
2215 3004 2273 3015 -
2334 2995 2547 3031 secum
2584 2981 2651 3033 in

109 3047 532 3115 profundum
565 3045 833 3095 dabant.
868 3048 922 3095 S.
951 3047 1060 3101 Liv.
1086 3042 1270 3108 27,27,
1294 3043 1384 3095 11:
1415 3044 1697 3113 improvide
1728 3061 1795 3094 se
1828 3042 2016 3097 colle
2072 3060 2315 3115 amque
2350 3056 2417 3098 et
2441 3065 2654 3117 prope

117 3123 342 3165 totam
371 3112 856 3181 rempublicam
893 3114 960 3163 in
991 3128 1326 3181 praeceps
1363 3110 1659 3166 dederat.
1718 3115 1848 3167 Ibid.
1886 3111 1968 3176 31,
2043 3112 2091 3177 7,
2129 3111 2187 3165 9:
2230 3130 2328 3165 rex
2366 3132 2565 3184 quoque
2596 3117 2655 3167 in

111 3182 351 3251 periculo
385 3184 515 3247 fuit.-
564 3198 699 3245 nam,
753 3188 932 3231 ruente
977 3182 1153 3231 saucio
1205 3198 1347 3247 equo,
1395 3197 1727 3249 praeceps
1778 3183 1865 3234 acl
1910 3190 2173 3233 terram
2222 3183 2459 3247 datus,

112 3252 337 3301 multum
377 3250 559 3316 abfuit,
598 3251 721 3317 quin
751 3250 924 3301 iacens
961 3250 1347 3317 opprimeretur.
1383 3278 1450 3309 .·-
1507 3249 1815 3318 stipites.
1870 3252 2041 3315 Vergl.
2082 3248 2130 3315 7,
2174 3250 2257 3315 37,
2298 3252 2391 3306 15:
2433 3254 2653 3307 arbo-

113 3338 223 3437 Ξεε
295 3336 520 3437 ro70erae,
559 3335 777 3385 quarum
811 3318 1086 3385 stipites
1123 3315 1312 3367 hedera
1351 3325 1665 3371 contexerat.
1706 3348 1763 3357 --
1818 3316 2301 3373 moliebantur.
2377 3325 2553 3388 vergi.
2584 3338 2653 3377 zu

153 3430 166 3451 ,
279 3428 292 3451 ‚
369 3424 381 3437 .

259 3476 310 3542 4,
351 3477 430 3541 13,
473 3478 555 3530 11.
622 3476 852 3545 Aeqro
891 3477 1126 3541 animi,
1172 3480 1276 3529 wie
1314 3480 1426 3529 LiV.
1465 3476 1549 3541 30,
1588 3476 1671 3539 15,
1715 3475 1777 3528 9:
1814 3493 1880 3525 ne
1916 3478 2043 3543 quid
2078 3494 2195 3546 aeq
2214 3497 2283 3529 er
2318 3481 2535 3531 animi
2569 3483 2655 3545 fe·-

115 3566 223 3597 rooe
257 3548 454 3597 iuvenis
483 3548 694 3613 ymetus
733 3545 1029 3597 consuleret.
1090 3572 1148 3584 -
1217 3562 1338 3596 nec
1367 3562 1631 3613 persev.
1670 3561 1759 3595 an
1808 3545 2047 3595 abiret
2094 3548 2270 3598 satis
2320 3556 2526 3599 certo.
2569 3551 2655 3600 R:

119 3624 170 3665 et
209 3624 390 3665 utram
419 3632 474 3681 p.
517 3631 590 3665 an
625 3614 705 3666 ab.
746 3632 785 3665 s.
825 3616 1040 3665 incerto.
1079 3640 1144 3651 —-·
1181 3613 1438 3665 classis
1481 3613 1705 3681 Cypro
1746 3614 2036 3664 advenit.
2086 3617 2139 3667 S.
2178 3613 2225 3679 4,
2265 3614 2347 3681 34,
2388 3615 2481 3667 14:
2519 3616 2657 3683 Gy-

116 3685 436 3751 priorum
465 3683 772 3749 regibus,
817 3683 906 3749 qui
940 3690 989 3731 et
1019 3698 1056 3731 a
1090 3682 1263 3732 Dareo
1301 3682 1596 3746 defecerant
1623 3681 1707 3731 -ad
1751 3682 1915 3731 imm
1956 3690 2007 3731 et
2052 3686 2486 3751 oppugnanti
2530 3685 2657 3751 Ty·-

120 3770 268 3803 rum
301 3752 638 3802 miserant
669 3751 974 3801 classem.
1020 3779 1076 3787 —
1122 3750 1474 3800 Cleander.
1518 3753 1568 3800 S.
1608 3747 1730 3813 3,1‚
1796 3785 1808 3797 .
1853 3776 1916 3786 -—
1976 3753 2385 3815 nonaqinta.
2437 3754 2659 3805 Bisher:

123 3820 406 3887 octoginta.
447 3846 505 3856 —-
569 3818 834 3869 navium
873 3818 1167 3869 classem.
1204 3821 1258 3868 Z.
1293 3818 1432 3869 nach
1481 3820 1661 3881 Conj.=
1716 3815 1942 3881 navigia.
1982 3844 2047 3851 —-
2100 3814 2153 3877 4,
2207 3817 2287 3880 13,
2334 3817 2415 3869 12.
2503 3819 2658 3869 Tris

124 3889 414 3939 omnino,
457 3888 538 3938 1³2:
584 3888 812 3939 triremes
852 3902 1034 3939 omnes.

270 3977 318 4042 4,
362 3978 440 4042 14,
488 3978 568 4031 13.
639 3979 813 4029 Orsi.
889 3981 1104 4031 Bisher:
1164 3975 1386 4041 undique
1431 3974 1553 4026 orsi.
1619 3976 1671 4024 S.
1710 3988 1777 4024 zu
1817 3970 1869 4035 9,
1909 3970 1991 4037 22,
2033 3970 2120 4023 24.
2175 4002 2233 4012 -
2296 3975 2489 4030 clade
2538 3977 2661 4029 οό-

131 4046 537 4098 ruebantur.
610 4050 663 4098 S.
699 4050 810 4099 Liv.
849 4046 931 4111 25,
967 4044 1050 4107 38,
1094 4044 1183 4096 10:
1235 4059 1388 4111 quum
1417 4040 1602 4111 populi
1637 4042 1713 4093 vis
1761 4050 1915 4110 atque
1952 4043 2116 4093 virtus
2150 4060 2253 4095 non
2286 4042 2547 4098 obruta
2592 4048 2662 4099 sit

135 4116 384 4165 cannensi
416 4115 626 4175 clade.
679 4144 743 4153 --
797 4112 851 4176 4,
891 4113 969 4178 14,
1010 4114 1087 4165 15.
1164 4109 1486 4163 Pontibus
1524 4111 1807 4161 stratis.
1874 4114 1927 4163 S.
1961 4114 2081 4165 Tac.
2124 4128 2245 4167 ann.
2279 4112 2332 4177 2,
2370 4113 2431 4168 6:
2470 4115 2663 4169 multae

72 4209 89 4220 =
129 4187 342 4247 (naves)
377 4183 704 4251 pontilms
743 4191 1050 4248 stratae,
1097 4198 1250 4249 super
1290 4196 1416 4248 quas
1459 4186 1710 4229 tormenta
1746 4181 2063 4236 veherentur.
2110 4212 2175 4219 —-
2224 4186 2481 4252 proris.
2554 4188 2663 4239 Das

127 4254 474 4303 vordertheil
510 4253 608 4303 der
648 4252 842 4305 Schiffe
883 4266 997 4301 war
1032 4253 1202 4302 hoher
1239 4249 1451 4314 gebaut,
1489 4250 1566 4300 als
1606 4250 1694 4301 die
1730 4251 2121 4315 Seitenwande,
2163 4266 2224 4305 so
2264 4254 2389 4305 dass
2426 4256 2515 4308 die
2540 4255 2663 4304 Sol-

132 4323 298 4373 daten
339 4322 551 4384 einigen
588 4322 783 4371 Schutz
827 4321 1074 4371 dahinter
1104 4319 1284 4373 finden
1319 4321 1574 4369 konnten.

268 4408 318 4475 4,
359 4408 440 4473 14,
481 4409 564 4462 16.
632 4412 872 4463 Muros.
935 4412 1020 4461 F.:
1061 4408 1250 4461 urbem,
1307 4438 1372 4447 -
1433 4408 1813 4475 torpebant.
1883 4410 2107 4479 Torpere
2153 4426 2259 4463 von
2308 4412 2408 4463 der
2454 4412 2664 4461 starren
2702 4414 2714 4424 ¹

131 4480 624 4545 Unbeweglichkeit
663 4496 716 4531 u.
758 4480 1115 4543 Unthatigkeit
1150 4480 1206 4527 in
1240 4480 1396 4541 Folge
1433 4480 1584 4529 einer
1626 4479 1724 4527 alle
1749 4478 2097 4530 Lebenskrast
2132 4479 2489 4532 hemmenden
2522 4479 2665 4527 See-

132 4550 534 4612 lenstimmung.
611 4552 787 4615 Vei-gl.
835 4545 915 4611 10,
970 4544 1048 4609 15,
1101 4544 1149 4596 7.
1217 4542 1265 4609 4,
1321 4541 1404 4608 39,
1454 4544 1505 4594 7.
1568 4542 1647 4607 10,
1688 4543 1770 4607 11,
1813 4544 1857 4595 1.
1931 4548 2079 4595 Auch
2128 4546 2269 4595 wird
2320 4558 2379 4595 es
2431 4544 2528 4593 aus
2562 4546 2667 4595 den

133 4619 348 4696 Korper
380 4616 719 4697 tibertragen,
763 4632 850 4667 wo
886 4616 1002 4665 rein
1033 4614 1324 4677 physische
1358 4613 1627 4691 Ursaoben
1664 4613 1975 4665 vorhanden
2006 4612 2141 4691 sind.
2195 4612 2247 4663 S.
2281 4609 2329 4673 4,
2365 4607 2446 4674 61,
2486 4608 2565 4691 13.
2605 4639 2663 4691 7-

137 4700 422 4801 ἰξέἱῗέέῖ.
435 4682 655 4802 ἒέἒιῑῖ
671 4702 754 4803 .ἶῖ
770 4683 1111 4815 ‘satit-35
1125 4678 1693 4815 2⁶,⁰;.'.⁰;.3“¹.5..{;‚
1711 4676 2501 4810 ⁴ansstheL2znt21-{Y’diassg
2510 4696 2669 4801 ³231.ss

139 4823 260 4885 ken,
297 4834 408 4871 von
449 4822 624 4873 denen
660 4824 780 4873 eine
813 4822 938 4885 jede
983 4822 1068 4871 ein
1109 4818 1271 4871 testes
1309 4820 1485 4869 Gauze
1523 4816 1915 4866 auszumachen
1950 4814 2174 4867 scheint.
2256 4818 2307 4868 S.
2355 4812 2502 4869 ovid.
2546 4817 2669 4868 Met.
