2975 5350
339 326 462 409 tes
977 329 984 342 ’
1029 304 1040 358 ³
1279 324 1360 413 o.
1401 328 1684 393 cum-n
1729 326 1923 395 mm

335 501 600 585 piuntun
677 498 1032 565 ¹⁸Interiora
1059 500 1328 581 regionis
1357 498 1495 561 eius
1532 498 1693 561 hand
1729 508 1881 561 sane
1924 499 2078 563 adiri
2118 500 2249 561 sine
2290 518 2504 580 magna
2548 501 2893 563 vexatione

313 600 634 663 'exereitus
671 604 972 679 poterant·
1056 597 1203 677 Iuga
1241 594 1543 659 montium·
1579 594 1883 675 praealtae
1934 592 2121 661 silvae
2170 614 2477 676 rupesque
2524 596 2741 657 inviae
2800 618 2894 659 se-

333 696 538 779 piunt3
579 716 672 773 ea,
711 712 866 777 quae
891 684 1074 774 plana
1111 698 1268 768 sunt,
1315 686 1488 754 novo'
1516 691 1864 753 munimenti
1890 710 2129 770 ‚genere
2168 692 2567 772 impedierant
2608 693 2892 755 barbari.

329 787 386 833 ¹⁴
405 792 677 855 Arbores
719 792 944 853 densae
983 793 1124 851 sunt
1161 789 1240 849 de
1283 788 1577 850 industria
1616 784 1904 863 consitae,
1946 804 2201 868 quarum
2244 794 2487 851 tenems
2522 788 2759 852 'adh-c
2800 810 2893 850 ra-

331 910 470 955 mos
510 908 690 951 manu
731 876 982 949 flectunt
996 932 1013 962 ,
1055 904 1212 967 quos
1237 878 1537 947 'intortos'
1560 880 1774 947 rursus
1818 882 2087 945 inserunt
2124 889 2355 946 terrae:
2410 885 2553 946 inde
2588 886 2785 948 velut
2820 906 2893 947 ex

333 987 453 1051 alia
495 984 696 1048 radice
732 984 1017 1047 laetiores
1054 982 1250 1045 virent
1299 981 1516 1043 trunei.
1594 976 1785 1043 ¹“Htw
1798 1028 1815 1057 ,
1872 1000 1994 1061 qua
2040 984 2252 1041 natura
2304 980 2451 1059 fert,
2510 981 2890 1045 adolescere

333 1102 458 1147 non
513 1080 743 1144 sinunt:
819 1079 1046 1161 quippe
1107 1078 1289 1141 alium
1347 1077 1447 1139 alii
1496 1076 1667 1157 quasi
1729 1094 1891 1139 nexu
1944 1074 2301 1149 conserunt3
2370 1079 2475 1157 qui
2528 1078 2639 1141 ubi
2692 1080 2889 1141 multa

335 1179 552 1241 fronde
589 1160 790 1240 v‘estiti
829 1181 985 1251 sunt,
1025 1175 1310 1255 operiunt
1347 1180 1587 1235 terram.
1669 1174 1876 1255 Itaque
1922 1172 2151 1234 occulti
2194 1192 2497 1236 ramorum
2552 1178 2741 1239 velut
2802 1177 2887 1237 la-

334 1275 473 1357 quei
495 1278 790 1353 perpetua
825 1290 972 1351 sepe
1015 1270 1132 1334 iter
1171 1270 1437 1333 cludunt.
1516 1265 1567 1311 ¹⁶
1578 1271 1705 1333 Una
1740 1270 1897 1333 ratio
1940 1275 2071 1331 erat
2112 1270 2423 1332 caedendo
2464 1273 2719 1351 aperiine
2770 1274 2885 1335 sal-

331 1378 479 1446 tum,
519 1368 630 1431 sed
675 1369 793 1430 hoc
832 1362 1082 1451 quoque
1129 1366 1358 1447 magni·
1387 1362 1609 1445 operis.
1708 1364 1929 1428 Crebri
1976 1384 2235 1447 namque
2288 1368 2437 1429 nodi
2476 1370 2883 1431 duraverant

333 1466 587 1549 stipites,
627 1469 690 1527 et
725 1462 788 1525 in
819 1482 886 1525 se
905 1464 1194 1543 implicati
1233 1463 1519 1525 arborum
1564 1461 1731 1539 rami,
1776 1462 2107 1542 suspensis
2126 1464 2373 1527 circulis
2414 1466 2663 1543 similes,
2704 1467 2877 1527 lento

331 1564 552 1627 vimine
573 1561 1014 1624 frustrabantur
1041 1560 1216 1622 ictus.
1247 1552 1252 1557 ’
1295 1554 1598 1621 ¹‘Incolae
1636 1556 1853 1635 autem,
1888 1558 2008 1621 ritu
2050 1558 2317 1623 ferarum
2354 1561 2613 1641 virgulta
2653 1563 2877 1625 subire

329 1658 516 1739 soliti,
551 1666 678 1721 tum
702 1674 947 1740 quoque
969 1656 1334 1719 intraverant
1349 1654 1587 1731 saltum,
1614 1654 1991 1737 occultisque
2014 1654 2151 1718 telis
2190 1657 2427 1719 hostem
2460 1658 2874 1721 lacessebant.

499 1741 698 1817 XVII.
765 1754 891 1830 me,
929 1740 1276 1817 venantium
1315 1753 1499 1816 modo
1534 1750 1785 1814 latibula
1822 1757 2147 1827 scrutatus,
2180 1752 2513 1835 plerosque
2555 1756 2872 1817 confodit:

333 1853 412 1915 ad
434 1850 710 1915 ultimum
733 1850 1054 1911 circumire
1079 1849 1301 1911 saltum
1323 1848 1545 1911 milites
1569 1848 1758 1924 iubet,
1788 1855 1873 1925 ut,
1914 1849 1966 1910 si
1992 1868 2115 1929 qua
2152 1856 2403 1929 pateret,
2440 1852 2870 1931 irrumperent.

329 1942 386 1989 ¹⁸
411 1942 552 2011 Sed'
577 1947 797 2029 ignotis
842 1944 998 2009 loeis
1039 1944 1316 2027 plerique
1357 1944 1754 2031 oberrabant,
1794 1945 2153 2026 exceptique
2192 1944 2333 2007 s'unt
2372 1947 2615 2029 quidam
2630 1991 2650 2023 ‚
2708 1948 2871 2009 inter

333 2066 488 2129 qnos
531 2062 724 2127 equus
769 2045 964 2125 regisz
1014 2042 1422 2122 Bucephalam
1461 2034 1787 2104 vocabant:
1846 2060 2030 2122 quem
2068 2041 2419 2106 Alexander
2458 2062 2587 2105 non
2620 2044 2869 2119 eodem,

331 2161 458 2227 quo
498 2146 731 2205 ceteras
777 2140 1064 2221 pecudes,
1113 2140 1314 2201 animo
1357 2130 1725 2201 aestimabat.
1784 2136 2089 2219 ·Namque
2134 2137 2237 2200 ille
2278 2138 2402 2201 nec'
2416 2141 2499 2201 iu
2538 2140 2741 2203 dorso
2784 2142 2868 2201 in·
2912 2208 2921 2219 .

332 2238 530 2303 sidere
571 2256 685 2299 suo
725 2236 1066 2315 patiebatur
1119 2234 1306 2296 alium
1359 2240 1422 2297 et
1473 2254 1675 2314 regem
1688 2280 1704 2310 ,
1762 2252 1947 2313 quum
1986 2233 2171 2295 vellet
2222 2236 2587 2313 ascendere,
2642 2244 2867 2318 sponte

333 2354 528 2415 genua
595 2329 972 2393 summittens
1045 2330 1409 2411 excipiebat,
1465 2329 1945 2409 credebaturque
2014 2329 2237 2391 sentire
2249 2349 2285 2410 ,¹
2344 2352 2524 2413 quem
2592 2336 2863 2397 veheret.

329 2426 384 2471 ¹⁹
403 2430 640 2493 Maiore
681 2444 830 2507 ergo
845 2472 864 2502 ,
917 2444 1098 2508 quam
1141 2416 1426 2504 decebat,
1481 2426 1575 2489 ira
1611 2423 1791 2488 simul
1826 2444 1901 2487 ac
1940 2425 2156 2488 dolore
2210 2424 2553 2490 stimulatus
2567 2477 2586 2507 ,
2640 2450 2865 2512 equum

329 2522 614 2609 vestigari
649 2520 834 2598 iubet,
879 2526 942 2583 et
981 2540 1095 2601 per
1135 2512 1526 2604 interpretem
1562 2519 1955 2602 pronuntiari,
2001 2523 2066 2583 ni
2100 2523 2516 2601 reddidissent,
2560 2527 2863 2589 neminem

329 2640 470 2688 esse
508 2610 824 2683 victurumss
908 2618 1038 2680 Hac
1081 2618 1533 2682 denuntiatione
1574 2617 1795 2694 territi,
1830 2636 1973 2681 cum
2018 2619 2234 2682 ceteris
2274 2620 2451 2684 donis
2490 2640 2722 2704 equum
2764 2624 2866 2684 ad-

331 2721 576 2784 ducunt.
649 2711 711 2756 ²⁰
729 2713 862 2777 Sed·
895 2703 972 2778 ne
1013 2705 1104 2778 sic
1145 2716 1387 2798 quidem
1427 2715 1729 2796 mitigatus
1742 2763 1759 2791 ,
1800 2715 1975 2778 caedi
2016 2713 2199 2778 silvas
2242 2718 2439 2795 iubet,
2490 2725 2862 2801 aggestaque

329 2819 516 2882 humo
555 2835 590 2877 e
631 2812 939 2876 montibus
980 2813 1289 2902 planitiem
1332 2813 1515 2875 ramis
1558 2805 1903 2892 impeditam
1944 2815 2309 2893 exaggerari.
2394 2810 2443 2854 ²¹
2459 2816 2585 2876 Iam
2646 2816 2713 2877 in
2760 2817 2863 2878 ali-

330 2915 620 2997 quantum
656 2909 992 2974 altitudinis
1022 2930 1179 2992 opus
1219 2915 1530 2984 creverat,
1582 2927 1787 2990 quum·
1826 2906 2102 2986 barbari,
2154 2909 2475 2990 desperato
2525 2913 2861 2991 regionem,

329 3031 512 3094 quam
536 3011 1000 3087 occupaverant,
1042 3025 1230 3087 posse
1248 3005 1513 3083 retineri,
1558 3011 1795 3085 gentem
1817 3024 1988 3066 suam
2012 3005 2343 3068 dedidere:
2380 3007 2512 3070 Rex
2537 3009 2861 3072 obsidibus

327 3106 598 3187 acceptis
639 3102 916 3166 Phradati
961 3121 1178 3182 parere
1217 3120 1326 3164 eos
1371 3101 1565 3164 iussit.

497 3199 724 3262 XVIII.
788 3191 1002 3258 wlnde
1046 3197 1256 3277 quinto
1294 3196 1391 3257 die
1441 3197 1505 3258 in
1547 3197 1763 3261 stativa
1802 3198 2141 3262 revertitur.
2227 3201 2593 3266 Artabazum
2642 3204 2861 3266 deinde

330 3295 630 3378 geminato
673 3295 936 3368 honore,
999 3310 1180 3372 quem
1221 3293 1456 3354 Dareus
1504 3291 1795 3353 habuerat
1832 3293 1919 3369 ei,
1974 3295 2219 3357 remittit
2261 3297 2523 3359 domum.
2610 3299 2743 3360 Iam
2788 3300 2861 3360 ad

330 3391 546 3456 urbem
580 3389 936 3469 Hyrcaniae,
977 3385 1040 3446 in
1079 3406 1198 3468 qua
1235 3385 1403 3466 regia
1444 3387 1631 3449 Darei
1666 3387 1796 3464 fuit,
1836 3401 2082 3452 ventum
2125 3399 2271 3455 erat.
2337 3393 2426 3454 Ibi
2467 3393 2860 3456 Nabarzanes

213 3520 226 3526 -
329 3493 580 3568 accepta
624 3485 743 3546 fide
805 3481 1074 3546 occurrit
1123 3483 1284 3546 dona
1339 3483 1602 3564 ingentia
1643 3486 1861 3547 serene.
1934 3477 2167 3548 2³1nter
2214 3508 2371 3570 quae
2423 3491 2671 3570 Bagoas
2712 3498 2857 3566 erat,

329 3583 535 3664 specie
555 3579 843 3662 singulari
867 3581 1059 3661 spado
1095 3587 1272 3662 atque
1311 3579 1376 3642 in
1419 3577 1558 3659 ipso
1600 3581 1753 3670 flore
1794 3569 2102 3661 pueritiae,
2145 3585 2245 3646 cui
2285 3590 2345 3648 et
2374 3587 2614 3646 Dareus
2656 3607 2858 3649 assue-
2934 3603 2936 3607 ’

331 3686 426 3744 tus
463 3679 662 3752 fuerat
699 3682 763 3739 et
798 3695 942 3739 mox
981 3675 1328 3739 Alexander
1359 3676 1656 3738 assuevit:
1719 3676 1968 3760 eiusque
2010 3679 2265 3757 maxime
2312 3677 2599 3761 precibus
2658 3691 2857 3746 motus

328 3773 668 3838 Nabarzani
715 3773 960 3854 ignovit.

463 3970 514 4036 6,
543 3967 621 4034 16,
645 3969 726 4022 13.
774 3969 1000 4022 Adia-i.
1045 3973 1131 4024 R:
1166 3969 1391 4025 adire.-
1433 3969 1781 4022 Poterant.
1820 3973 1899 4024 1²2:
1934 3980 2155 4040 poterat.
2194 4001 2257 4014 --
2286 3971 2336 4036 6,
2367 3971 2443 4037 16,
2474 3971 2552 4026 14.
2608 3975 2707 4026 De
2740 3979 2853 4028 in-

327 4040 620 4092 dustria.
649 4039 734 4088 R:
773 4055 838 4087 οε
869 4037 1140 4089 inductu-ia.
1210 4037 1373 4090 Jenes
1411 4039 1557 4090 steht
1592 4043 1748 4090 sonst
1775 4041 1969 4092 immet
2002 4041 2091 4099 bei
2133 4044 2219 4104 C.;
2258 4057 2301 4093 s,
2342 4039 2391 4105 5,
2436 4041 2521 4103 12,
2559 4041 2643 4094 17.
2684 4043 2732 4108 5,
2772 4042 2853 4106 14,

329 4103 412 4158 14.
448 4103 498 4167 9,
545 4103 626 4164 12,
672 4101 754 4156 12.
793 4103 844 4165 9,
889 4101 971 4165 19,
1007 4101 1055 4154 4.
1097 4131 1154 4142 -
1207 4101 1257 4166 6,
1287 4101 1372 4165 16,
1412 4103 1493 4156 15.
1533 4104 1829 4158 occulti.
1879 4108 1955 4159 R:
2006 4108 2196 4158 occulti
2230 4125 2404 4160 nexus.
2446 4137 2503 4148 -·
2558 4109 2849 4162 cludunt.

328 4175 382 4224 S.
417 4170 466 4233 5,
506 4169 556 4233 2,
594 4168 673 4221 15.
733 4196 790 4208 -
856 4167 905 4232 6,
942 4167 1021 4233 16,
1061 4167 1137 4221 16.
1175 4170 1624 4223 Dur-averunt.
1686 4175 1924 4226 Andere:
1958 4175 2293 4227 nudaverant.

462 4257 512 4323 6,
553 4258 632 4324 17,
671 4257 752 4310 18.
826 4257 1020 4308 Inter
1055 4275 1241 4325 quos.
1301 4263 1453 4338 ὅρια
1496 4257 1545 4324 3,
1580 4259 1663 4325 27,
1710 4262 1789 4315 10.
1840 4268 1948 4316 LiV.
1986 4263 2075 4346 22,
2108 4265 2193 4329 57,
2225 4265 2273 4319 6.
2330 4295 2388 4346 —7
2446 4278 2712 4335 sponte.
2774 4273 2847 4320 R:

323 4335 663 4465 mmm-3
693 4355 767 4446 ς.
793 4324 849 4456 {2
883 4325 1697 4457 ¹13,3}›·.¹.::¹.:2:‘:.”.2.“:;·.
1728 4333 2283 4452 ..intra-2³2².
2299 4333 2727 4456 ..²‚·⁹.·:.⁶:‘:.‘²·;:·-·
2764 4341 2850 4468 Ξ.
2928 4377 2930 4382 ·

327 4463 407 4529 15,
443 4463 510 4516 5.-
540 4463 802 4514 διαίτη
849 4478 1011 4530 pars
1052 4460 1167 4512 labe
1198 4467 1372 4512 ten-ae
1400 4461 1470 4512 in
1509 4462 1953 4531 aliquantum
1990 4483 2027 4517 a
2078 4469 2411 4521 titudinis
2458 4472 2700 4523 diruta
2734 4480 2847 4524 est.

329 4557 388 4570 —
427 4532 798 4599 desperato.
862 4533 942 4582 Z.2
995 4529 1264 4597 desperati.
1335 4530 1527 4582 Indess
1559 4532 1705 4584 la'sst·
1738 4535 1852 4586 sich
1898 4537 2053 4587 keine
2107 4539 2265 4603 vollig
2316 4541 2676 4604 zuverlassige
2710 4543 2852 4604 Spur

325 4601 474 4652 eines
513 4600 922 4662 deponentialen
959 4597 1272 4650 Gebrauchs
1307 4597 1394 4648 fiir
1432 4599 1533 4650 das
1562 4601 1723 4650 Wort
1754 4603 2108 4655 nachweisen.
2184 4607 2385 4671 wegen
2437 4607 2536 4658 des
2574 4608 2691 4658 ΑΜ.
2730 4609 2841 4660 abs.

325 4679 370 4718 ⁸.
407 4681 476 4718 zu
507 4665 558 4730 5,
589 4665 674 4731 35,
717 4664 764 4715 1.
807 4693 872 4702 —-
901 4682 1172 4733 parere.
1214 4665 1294 4716 R:
1337 4664 1557 4716 tradem.
1614 4667 1785 4732 Vergl.
1814 4671 1959 4720 Curt.
1995 4667 2045 4733 8,
2084 4670 2163 4736 13,
2201 4671 2283 4722 17.

461 4751 514 4818 6,
547 4751 632 4816 18,
657 4751 742 4806 22.
817 4755 864 4806 U
873 4754 1046 4808 rbem
1079 4755 1494 4822 Hyrcaniae.
1565 4759 1837 4814 Vielleioht
1882 4762 2224 4816 Zadrucarta.
2288 4769 2341 4817 S.
2376 4775 2444 4819 zu
2484 4762 2539 4827 6,
2577 4762 2663 4826 13,
2694 4763 2785 4817 23.
