2975 5350
316 345 447 410 πω
844 341 929 422 o.
996 339 1279 404 cunm
1302 337 1514 404 mm
1575 339 1718 402 vu.
1757 339 1986 406 nm.
2031 341 2300 404 m--sa

318 531 479 598 quoe
516 511 597 574 ad
638 515 761 574 tam
800 510 1183 574 manifestum
1226 508 1572 589 pericnlum
1617 509 1896 584 miserat,
1957 507 2255 572 sollicitus
2273 553 2294 582 ,
2348 512 2482 569 toto
2527 506 2634 568 die
2683 527 2864 568 cacu-

318 612 479 674 mina
500 607 725 673 montis
748 606 987 668 inmens
1012 605 1247 668 restitit.
1308 605 1373 668 N
1374 611 1526 670 octu
1553 605 1812 682 demum,
1855 625 2042 686 quum
2068 604 2408 667 obscuritas
2445 611 2866 683 conspectum

318 705 639 770 oculorum
680 701 1021 778 ademisset,
1063 700 1144 764 ad
1186 703 1522 766 curandum
1565 720 1796 783 corpus
1835 701 2106 763 recessit.
2189 695 2239 740 ²¹
2252 701 2512 764 Postero
2559 701 2676 762 die
2707 721 2870 762 nou-

318 805 461 866 dum
496 801 643 864 satis
678 799 845 862 clara
878 798 1017 860 luce
1058 798 1291 877 primns
1318 799 1471 875 vela,
1513 798 1748 880 signum
1789 797 1954 878 capti
1994 799 2254 876 verticis,
2296 798 2648 878 conspexit.
2741 799 2872 860 Sed

318 919 395 964 ne
432 898 745 962 falleretur
792 894 957 958 acies
970 942 988 970 ,
1038 895 1315 959 dubitare
1378 895 1638 974 cogebat
1695 895 1952 957 varietas
2007 894 2190 970 coeli,
2251 913 2410 958 nunc
2463 895 2872 956 internitente

316 995 475 1058 lueis
514 992 783 1073 fulgore,
840 1012 1001 1054 nunc
1063 990 1326 1054 condito.
1413 991 1646 1054 Verum
1680 998 1750 1052 ut
1805 990 2096 1072 liquidior
2153 991 2260 1054 lux
2307 991 2601 1070 apparuit
2655 991 2866 1064 coelo,

318 1089 615 1156 dubitatio
652 1081 947 1170 sumpta*
982 1096 1109 1161 est;
1186 1081 1656 1169 ”vocatumque
1707 1088 1996 1166 Cophen,
2045 1107 2160 1168 per
2209 1105 2390 1168 quem
2445 1086 2866 1155 barbarorum

318 1189 555 1252 ammos
595 1191 961 1266 tentaverat,
1012 1185 1189 1248 mittit
1240 1183 1318 1246 ad
1362 1203 1473 1246 eos
1488 1231 1506 1260 ,
1555 1183 1662 1264 qui
1703 1189 2010 1258 moneret,
2065 1201 2228 1252 nunc
2279 1182 2494 1246 saltem
2543 1181 2864 1246 salubrius

319 1283 641 1348 consilium
682 1282 929 1343 inirent:
978 1283 1073 1344 sin
1113 1289 1311 1346 autem
1352 1281 1578 1344 fiducia
1609 1279 1734 1342 loci
1778 1277 2266 1360 perseverarent,
2309 1280 2554 1342 ostendi
2597 1301 2644 1342 a
2683 1288 2866 1361 tergo

316 1380 511 1456 iussit,
550 1377 658 1460 qni
676 1385 965 1457 ceperant
983 1379 1287 1442 verticem.
1351 1372 1407 1418 ²³
1420 1377 1668 1458 Cophes
1709 1377 2008 1440 admissus
2049 1377 2308 1460 suadere
2341 1377 2550 1456 eoepit
2583 1378 2862 1440 Arimazi

319 1484 555 1558 petram
594 1474 862 1550 tradere,
903 1475 1153 1553 gratiam
1192 1474 1355 1552 regis
1402 1473 1626 1536 inituro
1643 1519 1659 1549 ,
1703 1473 1758 1536 si
1799 1479 1990 1536 tantas
2031 1492 2132 1534 res
2175 1473 2525 1536 molientem
2567 1474 2642 1536 in
2681 1475 2864 1536 unius

318 1573 487 1652 ru‘pis
512 1570 835 1634 obsidione
856 1570 1106 1632 haerere
1140 1589 1269 1632 non
1310 1571 1632 1648 coegisset.
1687 1569 1813 1646 Ille,
1851 1571 2118 1632 ferocius
2163 1570 2636 1652 superbiusque,
2679 1593 2864 1656 quam

316 1677 511 1744 antea,
544 1667 855 1748 loquutus,
893 1666 1063 1730 abire
1106 1666 1363 1746 Cophen
1406 1666 1588 1728 iubet.
1656 1659 1806 1728 2*At
1846 1667 1898 1728 is
1946 1685 2236 1746 prensum
2283 1687 2468 1730 mauu
2520 1667 2863 1731 barbarum

318 1777 529 1846 rogat,
552 1771 623 1826 ut
654 1783 865 1826 secum
902 1770 1075 1826 extra
1116 1783 1369 1844 specum
1407 1763 1698 1842 prodeat:
1757 1781 1884 1843 qno
1925 1762 2238 1842 imperato,
2275 1764 2528 1826 iuvenes
2568 1764 2640 1826 in
2687 1786 2860 1827 cacu-

317 1864 479 1926 mine
516 1860 797 1936 ostendit,
844 1859 1093 1940 eiusque
1130 1859 1451 1939 superbiae
1491 1858 1654 1920 haud
1695 1859 1990 1922 immerito
2031 1859 2312 1932 illudens,
2353 1859 2576 1940 pinnas
2631 1863 2858 1924 babere

319 1961 401 2023 ait
440 1958 659 2020 milites
684 1957 1033 2020 Alexandri.
1102 1951 1417 2038 ²⁵1amque
1458 1976 1493 2018 e
1541 1953 1942 2018 Macedonum
1967 1957 2182 2018 castris
2228 1957 2544 2036 signorum
2585 1979 2859 2022 concen-

320 2063 417 2121 tus
458 2062 519 2118 et
560 2053 749 2118 totius
800 2053 1105 2118 exercitus
1150 2035 1382 2116 clamo'r
1418 2051 1790 2115 audiebatur.
1873 2052 1964 2114 Ea
2006 2071 2123 2129 res,
2167 2053 2325 2116 sicut
2363 2053 2672 2136 pleraque
2710 2056 2860 2118 belli

320 2171 473 2214 vana
508 2157 571 2212 et
612 2149 838 2226 inania,
888 2151 1183 2212 barbaros
1224 2151 1301 2211 ad
1344 2149 1711 2212 deditionem
1755 2149 1954 2212 traxit.
2039 2150 2284 2231 Quippe
2335 2153 2628 2231 occupati
2693 2159 2854 2214 metu

318 2249 683 2329 paucitatem
716 2265 925 2308 eorum
941 2293 959 2322 ,
997 2246 1100 2326 qui
1140 2267 1179 2307 a
1214 2253 1387 2324 tergo
1426 2251 1628 2324 erant,
1685 2246 1998 2308 aestimare
2033 2265 2160 2308 nou
2199 2252 2497 2328 poteraut.
2567 2243 2852 2330 ²⁶Itaque

318 2346 577 2422 Cophen
610 2343 775 2419 (nam
816 2341 1187 2420 trepidantes
1221 2341 1577 2422 reliquerat)
1611 2347 1855 2404 strenue
1891 2355 2198 2419 revocant,
2235 2351 2296 2406 et
2338 2365 2480 2406 cum
2521 2365 2602 2408 eo
2645 2347 2848 2408 XXX
2950 2365 2951 2372 ¹

318 2438 627 2520 principes
658 2436 930 2513 mittunt,
984 2437 1089 2518 qui
1126 2445 1361 2518 petram
1398 2437 1676 2512 tradunt,
1729 2444 1822 2515 et,
1879 2446 1950 2500 ut
1991 2439 2394 2503 incolumibus
2439 2442 2610 2505 abire
2653 2444 2848 2516 liceat,

318 2533 721 2614 paciscantur.
786 2527 841 2570 ²⁷
854 2531 985 2614 Ille¹
1006 2551 1369 2617 quamquam
1406 2533 1728 2596 verebatur
1741 2581 1760 2610 ,
1807 2555 1884 2596 ue
1927 2543 2256 2616 conspecta
2305 2538 2594 2600 iuvenum
2645 2540 2846 2620 peuci-

319 2637 439 2698 tate
479 2628 871 2695 deturbarent
922 2649 1029 2693 eos
1068 2630 1337 2707 barbari,
1400 2637 1600 2693 tamen
1643 2637 1704 2693 et
1747 2632 2024 2695 fortunae
2079 2654 2226 2697 suae
2283 2635 2558 2698 confisus
2613 2642 2684 2698 et
2721 2638 2845 2699 Ari-

320 2733 473 2793 mazi
512 2728 831 2811 superbiae
872 2728 1169 2804 infensuS,
1230 2728 1457 2790 nullam
1499 2747 1566 2789 se
1613 2718 2018 2791 conditionem
2061 2732 2380 2794 deditionis
2417 2734 2710 2813 accipere
2763 2755 2846 2795 re-

319 2828 581 2911 spondit.
651 2820 1055 2903 28Arimazes,
1104 2824 1437 2905 desperatis
1481 2826 1701 2905 magis,
1747 2845 1924 2907 quam
1967 2827 2219 2905 perditis
2255 2828 2470 2906 rebus,
2513 2850 2664 2891 cum
2711 2852 2847 2913 pro-

318 2926 557 3009 pinquis
608 2922 1117 3005 nobilissimisque
1176 2921 1371 3005 geutis
1434 2942 1581 2985 suae
1643 2922 1956 2985 descendit
2016 2924 2078 2984 in
2123 2932 2354 2987 castra:
2409 2947 2572 3007 quos
2635 2948 2846 2990 omues

318 3022 670 3084 verberibus
721 3020 968 3081 affectos
1030 3019 1143 3081 sub
1195 3018 1343 3099 ipsis
1420 3019 1725 3081 radicibus
1795 3024 2002 3099 petrae
2069 3020 2352 3083 crucibus
2421 3023 2602 3085 iussit
2669 3026 2843 3105 affigi.

317 3114 375 3159 ²⁹
390 3117 714 3181 Multitudo
764 3114 1184 3177 dediticiorum
1246 3114 1459 3177 incolis
1516 3135 1810 3179 novarum
1865 3116 2106 3179 urbium
2163 3139 2304 3181 cum
2353 3120 2616 3197 pecunia
2675 3128 2844 3202 capta

320 3216 483 3275 dono
527 3196 666 3271 'data
704 3217 822 3270 est:
870 3210 1204 3269 Artabazus
1242 3209 1303 3269 iu
1346 3218 1556 3287 petrae
1598 3211 2007 3294 regionisque,
2051 3234 2206 3296 quae
2247 3215 2528 3297 apposita
2571 3225 2738 3279 esset
2775 3220 2841 3293 ei,

320 3307 505 3370 tutela
545 3305 810 3365 relictus,

319 3494 407 3543 die
438 3492 577 3553 Lago
620 3490 777 3552 jener
818 3487 1037 3537 Manner
1078 3486 1157 3537 als
1195 3489 1379 3541 Grund
1414 3490 1514 3541 der
1553 3490 2129 3558 Gemutbsbewegung,
2179 3494 2270 3545 bei
2323 3496 2488 3547 wican
2533 3501 2618 3549 als
2655 3500 2840 3564 objekt

318 3558 603 3612 derselben
632 3555 866 3621 gedacht
896 3555 981 3605 ist.
1036 3554 1185 3605 Doch
1224 3556 1297 3607 ist
1335 3558 1435 3609 der
1470 3560 1754 3611 Accusativ
1789 3559 2242 3623 gebrauchticher.
2305 3564 2360 3615 S.
2397 3562 2450 3626 7,
2477 3562 2528 3628 6,
2567 3564 2628 3617 5;
2663 3584 2842 3617 ωηο-

315 3634 457 3678 stns
494 3640 617 3675 non
652 3638 837 3673 suam
870 3622 1103 3685 vicem,
1140 3622 1231 3673 sed
1252 3631 1470 3691 propter
1507 3625 1672 3693 ipsunt
1704 3625 2116 3693 periclitantium
2139 3631 2385 3693 framm-
2441 3634 2560 3683 Liv.
2601 3632 2651 3698 8,
2677 3633 2838 3697 35,1:

317 3700 571 3761 stupente·
600 3689 836 3759 =tribunos
874 3697 923 3740 et
959 3706 1141 3741 suam
1173 3691 1306 3742 iam
1334 3693 1543 3744 vicem
1579 3695 1791 3761 magis
1828 3696 2100 3759 anxios,
2135 3713 2328 3763 quam
2361 3698 2526 3764 eius,
2569 3704 2661 3752 eui
2687 3704 2838 3754 auxi-

318 3763 443 3815 linm
476 3761 543 3814 ab
574 3778 629 3812 se
655 3758 940 3828 petebatur,
980 3757 1220 3811 liberavit
1258 3776 1409 3813 ones-e
1446 3777 1712 3813 censemus
1741 3761 1936 3829 populi.

320 3850 350 3871 '⁵
452 3852 506 3916 7,
545 3851 633 3915 43,
668 3850 752 3904 21.
822 3850 1007 3901 Nunc
1038 3850 1523 3905 internitente.
1579 3852 1753 3917 Vergl.
1779 3850 1828 3914 8,
1859 3850 1940 3917 14,
1967 3852 2034 3905 32
2067 3854 2133 3905 ab
2175 3858 2312 3907 omni
2343 3864 2502 3925 parte
2539 3859 2682 3910 coeli
2714 3862 2838 3939 emi-

317 3940 441 3973 care
475 3921 707 3989 fulqura,
750 3928 797 3969 et
830 3935 1005 3969 nunc
1034 3919 1498 3970 internitente
1532 3919 1686 3969 luce
1719 3937 1886 3973 nunc
1919 3923 2240 3986 condita,
2267 3953 2323 3962 —
2355 3926 2619 3977 exercitus
2643 3956 2700 3966 —
2725 3946 2836 3978 am·-
2943 3966 2945 3997 i

315 4007 422 4041 mos
458 3998 650 4038 terrere
680 3992 966 4053 coeperunt.
1003 4013 1061 4023 -
1108 3985 1162 4047 7,
1196 3982 1281 4049 43,
1314 3986 1398 4039 23.
1436 3986 1469 4037 1
1478 3990 1729 4038 nituro.
1797 3990 1890 4041 Die
1929 3993 2294 4054 gewobuliche
2331 3994 2489 4045 Form
2527 3996 2632 4046 der
2671 3998 2836 4047 oratio

318 4058 533 4123 obliqua
566 4058 639 4106 ist
666 4056 791 4106 sehr
828 4054 1105 4116 geschickt
1138 4055 1307 4105 durch
1345 4056 1494 4107 diese
1531 4058 1812 4121 Wendung
1851 4072 2164 4124 umgangen.
2233 4062 2454 4113 Warum
2499 4064 2684 4115 nicht:
2719 4080 2834 4115 sua-
2943 4048 2945 4107 ἕ

316 4124 437 4174 dere
471 4123 639 4189 coepit
666 4118 915 4182 Arimazi,
959 4127 1165 4187 petram
1213 4122 1457 4183 traderet,
1509 4125 1738 4189 qratiam
1786 4126 1922 4193 reyis
1969 4128 2212 4190 initum,
2259 4129 2307 4179 εἰ
2342 4157 2398 4167 -
2437 4129 2468 4180 ?
2503 4158 2568 4171 --
2643 4135 2834 4199 Wegen

318 4192 415 4244 des
449 4190 764 4242 Godankens
798 4188 959 4253 vergi.
998 4185 1052 4247 8,
1085 4185 1135 4251 9,
1169 4186 1252 4238 27.
1296 4186 1345 4252 8,
1389 4188 1472 4250 12,
1512 4187 1589 4240 14.
2801 4258 2806 4263 ι

452 4278 500 4345 7,
533 4277 620 4341 43,
656 4277 742 4331 24.
814 4279 1082 4330 Pinnas.
1137 4278 1216 4329 F.:
1252 4296 1463 4349 pennas.
1502 4309 1564 4319 -
1608 4280 1658 4345 7,
1697 4280 1783 4344 43,
1824 4280 1907 4335 25.
1971 4283 2168 4338 Vana.
2227 4290 2276 4339 S.
2319 4285 2367 4349 4,
2407 4286 2492 4353 47,
2531 4288 2598 4343 5:
2649 4292 2832 4343 vanis

318 4356 381 4401 et
408 4346 740 4433 inani-bus
772 4346 986 4398 militem
1021 4346 1199 4466 magis,
1235 4363 1389 4417 quan
1424 4348 1632 4399 iustis
1661 4351 1952 4417 formidinis
1991 4354 2160 4405 causis
2202 4356 2409 4411 moveri.
2452 4386 2508 4396 -
2565 4358 2619 4423 7,
2651 4358 2735 4421 43,
2758 4356 2831 4409 27.

316 4417 638 4499 Arimazi.
708 4418 757 4469 S.
795 4431 863 4469 zu
896 4415 945 4479 5,
980 4412 1029 4477 6,
1062 4411 1097 4465 4
1136 4451 1149 4463 .
