2975 5350
344 320 437 387 aa
1074 342 1099 372 .·
1278 316 1359 399 Q.
1442 316 1726 382 cnam
1763 316 1960 382 auri

346 488 763 555 abundabant:
804 486 931 551 sive
970 488 1115 570 quia
1154 486 1387 551 crebris
1425 489 1692 557 motibus
1733 495 1952 563 terrae,
1982 505 2124 549 nam
2157 486 2278 547 hoc
2319 502 2568 567 quoque
2605 484 2888 561 traditur,
2956 550 2957 571 3

352 589 620 653 cultores
662 586 805 649 eius
840 585 1100 665 fatigati,
1140 578 1303 648 nova
1344 592 1405 653 et
1440 592 1690 647 externa
1731 583 2036 647 domicilia
2073 583 2256 647 aratis
2297 582 2540 645 sibimet
2583 600 2889 663 quaerere
2956 632 2957 661 3

348 686 741 766 eogebnntur.
815 678 865 724 ²¹
878 681 1087 747 Multis
1128 700 1275 761 ergo
1334 682 1575 745 casibus
1635 682 1921 743 defuncta
1987 686 2052 743 et
2096 686 2238 758 post
2288 678 2594 743 excidium
2655 686 2888 755 renata,
2956 698 2957 731 ³

344 799 511 847 nnuc
534 788 750 856 tamen,
787 779 971 857 longa
1005 798 1157 857 pace
1198 784 1421 841 cuncta
1456 778 1790 855 refovente,
1837 772 1952 841 sub
1971 775 2180 839 tutela
2215 789 2498 839 romanae
2537 784 2888 839 mansuetu-

348 881 505 945 dinis
549 878 896 959 acquiescit.
2956 930 2957 939 ,

516 976 695 1037 XXI.
766 968 1075 1035 v²¹1isdem
1118 973 1309 1033 ferme
1352 970 1568 1033 diebus
1620 971 1802 1033 Darei
1857 971 2091 1034 litterae
2145 970 2356 1036 allatae
2413 977 2582 1047 sunt,
2638 971 2886 1033 tandem
2955 996 2957 1003 ·

348 1082 417 1139 ut
460 1074 590 1154 regi
630 1071 909 1149 scriptae.
980 1069 1245 1145 Petebat,
1283 1068 1371 1130 uti
1420 1068 1605 1129 filiam
1649 1087 1816 1129 suam
1861 1067 2146 1147 (Statirae
2191 1073 2320 1128 erat
2357 1069 2610 1148 nomen)
2653 1068 2884 1147 nuptiis

346 1170 693 1233 Alexander
726 1166 845 1229 sibi.
873 1165 1257 1247 adiungeret:
1294 1166 1500 1231 dotem
1528 1167 1664 1233 ‚fore
1709 1184 1950 1228 omnem
1993 1164 2302 1243 regionem
2343 1165 2498 1227 iuter
2519 1165 2884 1244 Hellespon-

344 1276 477 1331 tum
519 1272 583 1327 et
604 1263 803 1343 Halyn
846 1282 1081 1325 amnem
1122 1262 1311 1338 sitam,
1348 1262 1487 1323 inde
1527 1261 1821 1326 orientem
1859 1260 2272 1340 spectantibus
2315 1260 2492 1325 terris
2529 1268 2882 1328 contentum

346 1384 415 1428 se
452 1365 605 1425 fore.
707 1358 823 1422 2Si
864 1361 1021 1422 forte
1060 1358 1392 1435 dubitaret,
1448 1358 1614 1439 quod
1655 1358 2004 1433 offerretur,
2049 1357 2359 1437 accipere:
2411 1376 2720 1441 nunquam
2775 1358 2881 1419 diu
2956 1402 2957 1427 ;

348 1461 571 1524 eodem
591 1456 847 1537 vestigio
866 1462 1033 1517 stare
1062 1458 1381 1530 tortum,
1414 1474 1774 1535 semperque
1794 1453 2082 1530 homineS,
2127 1454 2646 1534 quantamcunque
2691 1454 2882 1515 felici·

346 1564 529 1620 tatem
572 1555 844 1629 habeant,
883 1552 1167 1615 invidiam
1208 1556 1407 1613 tamen
1450 1552 1674 1613 sentire
1713 1551 2018 1613 maiorem.
2120 1546 2149 1589 3
2168 1552 2386 1612 Vereri
2419 1570 2486 1612 se
2503 1598 2518 1625 ,
2557 1570 2635 1611 ne
2675 1551 2882 1613 avium

344 1656 563 1731 modo,
619 1672 771 1732 quas
804 1650 1092 1711 naturalis
1132 1648 1345 1711 levitas
1387 1652 1596 1727 ageret
1635 1647 1714 1709 ad
1755 1646 1990 1723 sidera,
2047 1647 2210 1711 inani
2265 1668 2340 1710 ac
2391 1646 2613 1727 puerili
2659 1647 2881 1709 mentis

346 1752 564 1813 affectu
600 1748 928 1809 efferretur.
1014 1745 1181 1808 Nihil
1224 1743 1530 1809 difficilius
1575 1762 1708 1807 esse
1724 1792 1745 1820 ,
1796 1764 1978 1824 quam
2009 1744 2072 1804 in
2113 1744 2218 1807 illa
2263 1751 2458 1807 aetate
2498 1750 2724 1805 tantam
2781 1764 2882 1807 ca-
2956 1792 2957 1825 ξ

348 1867 496 1929 pere
535 1828 853 1907 fortunam.
950 1835 1213 1903 ⁴Mu1tas
1256 1861 1323 1903 se
1364 1842 1564 1903 adhuc
1623 1840 1906 1923 reliquias
1955 1842 2177 1905 habere
2193 1890 2208 1919 ,
2261 1862 2376 1903 nec
2429 1860 2672 1919 semper
2723 1840 2880 1901 inter
2956 1840 2957 1921 Ῑ

347 1942 654 2035 angustias
724 1958 911 2019 posse
970 1939 1373 2017 deprehendi:
1426 1938 1856 2000 transeundum
1918 1958 2052 2001 esse
2118 1937 2466 2000 Alexandro
2525 1938 2881 2017 Euphraten
2956 1996 2957 2011 ,

348 2040 681 2121 Tigu-inque
744 2042 806 2098 et
849 2035 1095 2097 Araxen
1168 2043 1229 2098 et
1269 2035 1597 2115 Hydaspen
1616 2082 1631 2111 ,
1677 2054 1892 2113 magna
1929 2036 2294 2097 munimenta
2327 2034 2502 2113 regni
2555 2034 2666 2097 sui.
2757 2035 2880 2095 Ve-

346 2137 632 2201 niendum
670 2135 731 2196 in
770 2152 1036 2213 campoS,
1074 2132 1182 2195 ubi
1226 2132 1531 2213 paucitate
1567 2150 1818 2193 suorum
1857 2132 2336 2195 erubescendum
2375 2132 2471 2193 sit.
2573 2126 2876 2193 ⁵Mediam

481 2368 535 2431 4,
570 2366 656 2429 20,
686 2366 769 2417 21.
843 2364 1131 2415 Reuata.
1206 2368 1277 2415 So
1315 2372 1435 2428 sagt
1472 2365 1609 2416 auch
1645 2366 1830 2416 lustin.
1871 2364 1954 2426 18,
1995 2363 2028 2416 3
2071 2381 2123 2416 u.
2159 2361 2225 2417 4:
2261 2379 2470 2431 reqnum
2503 2366 2657 2433 stirpi
2693 2368 2875 2427 (Stra-
2956 2368 2957 2435 ζ

348 2439 489 2489 tonis
528 2437 841 2497 Alexander)
880 2433 1123 2495 restituit,
1163 2434 1392 2498 ingenuis
1432 2439 1503 2481 et·
1520 2433 1745 2481 innoxiis
1781 2432 1966 2483 incolis
2003 2432 2204 2484 insulae
2245 2432 2530 2495 attributis,
2579 2440 2640 2483 ut
2675 2434 2873 2483 exstir-
2956 2450 2957 2493 ᾗ

343 2512 469 2573 pato
524 2502 700 2553 servili
742 2502 985 2569 germine,
1032 2516 1189 2569 qeuus
1244 2499 1385 2549 urbis
1426 2517 1489 2549 ea:
1527 2500 1723 2566 integro
1767 2500 2084 2552 conderetur.
2166 2500 2281 2551 Hoc
2327 2502 2494 2567 ἐρίων
2539 2501 2684 2551 modo
2734 2501 2877 2566 Tyrii
2956 2498 2957 2561 ζ

346 2570 643 2623 Alexandri
674 2569 916 2636 auspiciis
955 2568 1165 2631 conditi,
1197 2568 1638 2635 parcimonia
1691 2575 1750 2616 et
1804 2566 2042 2619 labore
2086 2568 2466 2636 quaerendi
2517 2570 2657 2619 cito
2706 2586 2876 2619 cou-
2956 2566 2957 2609 ἒ

344 2639 647 2692 valuere.
723 2638 931 2700 Indess,
982 2637 1173 2690 wurde
1218 2638 1390 2702 Tyrus
1432 2636 1570 2688 auch
1603 2633 1808 2689 wieder
1842 2638 2234 2701 Handelsstadt,
2275 2636 2513 2690 bliihend
2558 2638 2731 2689 durch
2779 2638 2876 2687 Fa·
2956 2660 2957 2704 ,

346 2709 536 2761 briken
574 2708 689 2759 und
728 2707 1011 2766 industrie,
1058 2707 1135 2758 als
1170 2706 1736 2757 Handelsmachtwar
1775 2719 1834 2757 es
1873 2707 2192 2758 vernichtet.
2230 2733 2286 2742 --
2344 2712 2580 2768 tamen,
2615 2708 2718 2756 mit
2751 2705 2876 2757 dem
2956 2705 2957 2774 ζ

344 2777 838 2841 Nebengedanken:
878 2775 1118 2838 obgleich
1158 2789 1217 2826 es
1254 2777 1379 2824 sehr
1418 2775 1520 2824 viel
1553 2775 1770 2838 gelitten
1805 2773 1968 2825 hatte.
2029 2775 2264 2825 Andere:
2304 2774 2521 2823 tandem.
2567 2801 2624 2811 —
2669 2772 2878 2840 longa
2955 2775 2957 2828 {

344 2841 533 2912 paee.
608 2844 715 2896 Das
754 2845 895 2894 kann
936 2843 1061 2893 dem
1091 2842 1586 2905 zusammenhange
1628 2842 1767 2892 nach
1805 2843 1956 2894 nicht
1999 2841 2093 2892 auf
2123 2843 2278 2892 einen
2313 2842 2517 2906 langen,
2563 2843 2662 2896 das
2707 2857 2878 2906 ganze
2956 2857 2957 2892 1

344 2914 617 2965 romische
651 2912 812 2963 Reich
852 2911 1234 2962 umsassenden
1272 2910 1753 2960 Friedenszustand
1802 2906 2041 2974 bezogeii
2081 2911 2316 2972 werden,
2371 2911 2606 2962 sondern
2647 2925 2754 2960 nur
2787 2911 2884 2960 aur
2956 2909 2957 2960 ἶ

346 2983 435 3032 die
468 2983 634 3042 Ruhe,
682 2981 847 3030 deren
886 2981 1059 3041 Tyrus
1096 2978 1265 3030 seibst
1303 2981 1463 3028 unter
1504 2978 1606 3027 den
1645 2977 1928 3041 heftigsten
1967 2978 2280 3041 politischen
2319 2979 2570 3028 Stiirmen
2605 2979 2712 3030 seit
2743 2979 2878 3028 Ale—
2956 2975 2957 2996 ³

343 3051 547 3100 xander
586 3061 867 3112 genossen.
898 3073 955 3082 —
990 3046 1369 3109 refovente,
1408 3059 1532 3094 vom
1556 3046 2082 3096 Reconvalescenten
2117 3046 2452 3110 ubertragen.
2494 3048 2564 3097 So
2593 3047 2719 3096 Tac.
2748 3060 2877 3097 ann.
2956 3063 2957 3104 ᾗ

346 3115 426 3178 12,
464 3113 561 3166 66;
597 3116 656 3164 iu
688 3120 837 3163 tauta
874 3111 1007 3162 mole
1046 3127 1289 3162 curarum
1332 3111 1576 3160 Claudius
1611 3111 1900 3161 valetudine
1943 3112 2163 3162 adversa
2203 3113 2495 3180 corripitur
2539 3115 2732 3178 refov
2751 3130 2879 3162 eu-
2956 3123 2957 3132 ²

344 3183 444 3231 dis
464 3198 587 3248 que
618 3181 761 3230 viri
780 3178 893 3229 bus
928 3177 1145 3228 mollitie
1176 3178 1309 3228 coeli
1346 3185 1397 3227 et
1428 3177 1738 3230 salubritate
1773 3194 2025 3243 aquarum
2065 3179 2356 3230 Sinuessam
2385 3181 2570 3247 perqit.
2623 3208 2683 3238 -,-
2749 3199 2870 3232 ac-
2956 3219 2957 3228 ,

344 3249 662 3316 quiescit.
716 3250 765 3298 S.
807 3248 915 3297 Liv.
957 3244 1007 3308 5,
1034 3244 1117 3309 23,
1160 3244 1259 3296 12:
1301 3253 1360 3296 ut
1394 3246 1536 3309 fessa
1573 3252 1678 3294 tam
1719 3245 1916 3295 diutino
1954 3244 2084 3296 bello
2117 3248 2592 3314 acquiesceret
2631 3249 2839 3299 civitas.
2956 3251 2957 3254 ’

476 3368 525 3434 4,
562 3369 649 3433 21,
686 3369 737 3420 2.
808 3369 1169 3420 Invidiam.
1248 3371 1385 3422 Dass
1426 3371 1526 3421 der
1561 3385 1691 3421 vom
1730 3372 1896 3426 Glnek
1932 3373 1986 3422 in
2021 3374 2515 3438 ungewohnlichem
2553 3375 2730 3426 Grade
2767 3375 2882 3426 he.

342 3442 609 3504 gunstigte
645 3441 862 3490 Mensch
915 3439 1039 3488 dem
1075 3438 1241 3488 Neide
1281 3439 1378 3489 der
1418 3441 1606 3489 Gotter
1653 3443 1958 3504 ausgesetzt
1990 3443 2085 3502 sei,
2141 3442 2288 3492 diese
2327 3443 2454 3492 idee
2508 3443 2691 3493 macht
2739 3444 2880 3504 sich,
2956 3445 2957 3482 1

342 3511 445 3558 wie
486 3507 789 3572 uberhaupt
820 3509 895 3556 im
928 3505 1244 3562 Alterthum,
1285 3520 1347 3556 so
1388 3507 1439 3556 in
1476 3508 1575 3557 der
1609 3507 1946 3572 Darstellung
1981 3509 2078 3560 des
2115 3509 2170 3558 C.
2209 3510 2384 3574 ha'ufig
2419 3510 2649 3571 geltend.
2702 3511 2880 3575 vergi.

340 3571 389 3638 6,
424 3572 473 3636 6,
519 3573 601 3626 19.
640 3571 687 3637 8,
732 3572 813 3636 19,
856 3571 937 3624 19.
978 3571 1028 3635 9,
1071 3572 1148 3634 10,
1180 3571 1269 3623 29.
1314 3572 1392 3635 10,
1432 3572 1511 3636 10,
1552 3571 1634 3625 24.
1681 3574 1760 3636 10,
1789 3574 1871 3636 15,
1896 3575 1974 3626 10.
2020 3574 2104 3635 10,
2125 3573 2211 3636 28,
2235 3573 2285 3626 6.
2319 3604 2384 3612 --
2417 3575 2470 3636 4,
2508 3575 2595 3638 21,
2625 3575 2675 3627 3.
2753 3575 2874 3626 Ve-
2956 3599 2957 3606 1

342 3643 493 3692 reri
528 3659 625 3702 se,
662 3642 1233 3705 unffi-efferretur.
1314 3642 1421 3692 Das
1460 3642 1616 3692 Verb.
1668 3645 1806 3696 nach
1847 3645 2027 3708 Conj.;
2065 3645 2148 3694 F.:
2179 3660 2249 3705 13,,
2288 3659 2352 3692 ne
2384 3644 2759 3710 ste—efferret.
2813 3673 2875 3684 -
2956 3709 2957 3712 Ἴ

342 3709 428 3760 ad
464 3710 729 3760 sidera·
778 3712 831 3760 S.
870 3711 925 3759 C.
969 3707 1021 3772 7,
1066 3706 1144 3769 18,
1182 3706 1265 3758 29.
1331 3710 1508 3771 Virgil.
1553 3712 1744 3774 Georg.
1781 3709 1975 3771 2,.426
2011 3713 2093 3761 ff:
2125 3725 2280 3776 poma
2313 3727 2511 3776 quoque
2544 3719 2604 3761 ut
2645 3713 2882 3778 primum

342 3787 549 3897 mags
581 3795 781 3860 sensere
816 3775 1043 3828 valentes
1068 3777 1151 3826 Et
1182 3777 1315 3826 vires
1352 3775 1572 3827 habuere
1602 3793 1742 3840 suas,
1792 3779 1880 3877 ad
1919 3779 2155 3829 sidera
2189 3778 2382 3844 raptim
2429 3777 2491 3828 Vi
2519 3781 2746 3847 propria
2785 3783 2878 3832 ni-

322 3978 330 3987 ·
478 3949 531 4012 4,
572 3949 661 4014 21,
695 3949 745 4000 4.
821 3947 1004 4020 Inter
1038 3947 1427 4017 augustias.
1481 3951 1568 4006 R:
1610 3953 1667 4004 iu
1701 3952 1969 4020 anqustiis,
2015 3953 2118 4014 ⁴wie
2153 3952 2296 4002 Curt.
2333 3949 2380 4014 4,
2421 3949 2502 4014 47,
2539 3949 2590 4003 6.
2635 3955 2751 4005 Liv.
2789 3951 2876 4018 34,

341 4017 425 4081 46,
466 4018 558 4068 1οε
602 4019 690 4068 diu
726 4019 794 4067 in
830 4019 1173 4082 anqustiis
1216 4026 1498 4086 pugnatum
1537 4028 1628 4070 est.
1686 4051 1751 4058 —-
1797 4020 2090 4071 Araxen.
2166 4019 2274 4070 Der
2323 4021 2599 4084 persische
2648 4023 2877 4086 AraxeS,

338 4089 393 4136 in
449 4087 646 4146 dessen
696 4086 841 4134 Nahe
882 4087 1180 4151 Persepolis
1232 4089 1526 4150 gestanden
1579 4089 1752 4140 haben
1807 4090 1902 4140 soli
1953 4091 2016 4150 (s.
2058 4089 2200 4138 Curt.
2256 4086 2304 4150 5,
2347 4086 2430 4150 13,
2464 4086 2514 4138 7.
2583 4087 2633 4150 5,
2671 4088 2761 4151 23,
2801 4090 2876 4156 9),

336 4154 485 4204 nicht
516 4153 615 4202 der
654 4153 990 4204 armenische
1026 4168 1112 4204 am
1154 4155 1284 4206 Fuss
1324 4157 1420 4208 des
1456 4159 1729 4208 Caucasus
1765 4157 1825 4217 (s.
1861 4157 2010 4206 Curt.
2047 4153 2096 4216 7,
2133 4152 2212 4216 14,
2243 4153 2340 4219 19).
2376 4184 2434 4192 -
2486 4155 2542 4205 H
2549 4173 2581 4222 y
2597 4157 2877 4224 daspen.

334 4223 396 4272 ,C-
428 4221 523 4270 hat
558 4223 719 4272 entw.
762 4221 866 4271 den
901 4221 1100 4272 Numen
1139 4223 1277 4274 ohne
1331 4237 1600 4288 genauere
1636 4225 1920 4275 Kenntniss
1977 4223 2074 4274 der
2109 4225 2279 4274 Sache
2318 4225 2688 4288 geschrieben,
2747 4229 2878 4278 weil

340 4289 539 4340 eninm
578 4288 655 4338 als
698 4289 795 4340 der
830 4290 977 4340 eines
1012 4291 1143 4340 sehr
1180 4291 1298 4342 fern
1341 4293 1618 4354 liegenden
1658 4293 1978 4344 asiatischen
2015 4291 2226 4343 Flusses
2266 4293 2692 4357 vorgeschwebt,
2735 4295 2879 4346 oder

337 4355 649 4408 absichtlich
684 4357 769 4406 die
811 4355 1011 4430 salsche
1044 4359 1261 4422 Angabe
1310 4357 1609 4422 gebraucht
1651 4359 1763 4409 und
1804 4360 1927 4410 dem
1963 4357 2153 4410 Darius
2205 4359 2292 4411 die
2322 4357 2550 4410 Absicht
2602 4366 2878 4426 unterge-

337 4423 595 4485 schoben,
634 4425 739 4476 den
776 4425 1078 4476 Alexander
1112 4428 1236 4476 echt
1270 4426 1611 4476 orientalisch
1650 4426 1818 4479 durch
1859 4427 2194 4477 Prahlereien
2239 4441 2306 4477 zu
2343 4428 2655 4479 schrecken.
2689 4430 2874 4494 Ver-gi.

334 4489 383 4553 4,
414 4489 499 4554 53,
536 4489 619 4542 10.
662 4491 743 4543 11.
777 4490 825 4552 7,
866 4491 945 4554 15,
984 4491 1035 4542 5.
1070 4489 1127 4541 6.
1175 4521 1233 4530 -
1292 4493 1717 4542 munimenta.
1782 4497 1834 4545 S.
1879 4493 1931 4554 7,
1975 4492 2058 4553 15,
2099 4491 2132 4544 5
2173 4507 2280 4546 von
2322 4496 2553 4549 Bessus:
2593 4495 2693 4548 sibi
2741 4496 2876 4563 pla-

336 4573 467 4608 cere·
488 4559 547 4610 iu
582 4559 867 4626 Soqdianos
903 4558 1151 4624 recedere,
1196 4559 1365 4610 Oscum
1398 4575 1598 4612 amnem
1627 4577 1702 4610 ve
1721 4561 1818 4612 lut
1857 4577 2118 4612 murum
2157 4559 2468 4614 obiecturum
2507 4563 2658 4614 hosti.

460 4680 513 4742 4,
551 4682 641 4744 21,
682 4683 753 4738 5.,
812 4660 1083 4734 Baetra
1122 4691 1187 4733 et
1234 4681 1452 4734 Indos.
1525 4687 1654 4737 Hier
1693 4687 1862 4740 findet
1907 4653 2062 4740 lisine
2099 4687 2461 4752 Abweichung
2519 4703 2624 4740 von
2661 4691 2763 4740 der
2805 4707 2874 4742 zu

306 4744 385 4848 ’6,
420 4745 511 4808 25,
561 4749 625 4802 15
667 4751 1077 4814 besprochenen
1124 4753 1473 4806 Gewohnheit
1515 4757 1682 4817 Statt,
1737 4755 1804 4808 da
1844 4754 2048 4809 Bactra
2085 4761 2136 4806 et
2178 4754 2298 4808 Indi
2351 4758 2427 4820 als
2467 4759 2587 4808 eine
2637 4759 2875 4810 stehend
