2975 5350
311 330 434 399 isi
1253 322 1338 409 o.
1379 322 1664 391 cunm
1708 320 1902 390 mm

315 508 532 565 versus
569 496 728 577 fluit,
775 498 994 563 deinde
1037 499 1188 561 saxo
1205 539 1226 577 ‚
1277 497 1444 580 quod
1492 493 1795 559 alveolum
1840 490 2214 575 interpellat,
2248 492 2651 571 repercussus
2669 535 2689 565 ,
2734 484 2866 549 duo

319 596 532 663 ima-a
563 594 734 659 velut
771 593 1132 676 dispensatis
1190 594 1364 676 aquis
1410 593 1624 675 sperit.
1712 588 1741 631 ⁵
1756 592 1903 655 Inde
1952 596 2195 653 torrens
2256 593 2319 649 et
2364 596 2659 649 saxorum
2675 632 2697 663 ,
2754 602 2871 664 per

319 710 476 777 quae
509 691 791 770 incurrit,
835 691 1158 773 asperitate
1197 689 1557 768 violentior,
1610 697 1832 753 terram
1892 702 2189 769 praeceps
2246 684 2420 747 subit.
2506 682 2631 745 Per
2698 680 2869 744 CCC

319 788 512 853 stadia
541 786 823 851 conditus
859 786 1115 851 labitur:
1175 804 1505 869 rursusque
1540 786 1709 849 velut
1748 804 1824 848 ex
1864 784 1985 847 elio
2046 784 2215 846 fonte
2269 786 2603 860 conceptus
2656 778 2873 841 editur

319 892 384 951 et
417 902 642 949 novum
687 882 924 949 alveum
961 883 1218 947 intendit
1265 883 1472 965 priore
1509 883 1606 945 sui
1648 886 1819 963 parte
1860 879 2209 963 spatiosior.
2296 873 2327 917 ⁶
2345 877 2591 959 Quippe
2650 876 2724 937 in
2786 876 2873 937 la·
2933 870 2934 875 ’

205 970 218 982 ’
319 981 634 1045 titudinem
673 980 886 1041 decem
925 986 986 1041 et
1027 980 1209 1044 trium
1243 980 1574 1043 stadiorum
1613 976 1979 1055 diffunditur,
2020 994 2352 1055 rursusque
2396 969 2871 1054 angustioribus

323 1077 630 1141 coercitus
673 1076 824 1157 ripis
863 1075 982 1139 iter
1035 1076 1230 1158 σος-ἤ,
1287 1076 1528 1138 tandem
1580 1074 1643 1135 in
1696 1074 1955 1137 alterum
2006 1092 2241 1135 amnem
2304 1071 2483 1135 cadit.
2567 1068 2869 1151 Ridagno

319 1190 543 1237 nomen
582 1180 690 1237 est.
778 1168 806 1211 ⁷
821 1172 1066 1237 Incolae
1109 1172 1503 1249 affirmabant,
1550 1189 1943 1254 quaeeunque
1986 1170 2247 1232 demissa
2290 1175 2492 1231 essent
2528 1167 2594 1229 in
2646 1186 2871 1230 caver-

321 1288 478 1347 nam,
508 1286 662 1353 quae
693 1270 950 1350 propior
967 1277 1063 1333 est
1097 1268 1268 1349 fonti,
1293 1288 1522 1347 rursus,
1566 1268 1671 1332 ubi
1706 1267 1870 1331 aliud
1902 1286 1974 1329 os
2015 1266 2205 1329 amnis
2244 1264 2530 1345 aperitur,
2572 1264 2865 1327 existere.

218 1444 228 1458 .
321 1364 530 1447 ltaque
569 1348 918 1427 Alexandr
955 1366 1141 1443 duos,
1203 1384 1326 1448 qua
1363 1367 1627 1427 subeunt
1678 1382 1869 1446 aquae
1924 1369 2174 1441 terram,
2224 1362 2610 1444 praecipitari
2674 1362 2865 1437 iubet,

324 1480 584 1545 quorum
627 1480 891 1544 corpora
906 1510 924 1540 ,
973 1462 1082 1525 ubi
1115 1480 1328 1525 rursus
1371 1460 1663 1545 erumpit,
1722 1460 1977 1541 expulsa
2010 1458 2254 1534 videre,
2310 1458 2419 1541 qui
2454 1458 2623 1523 missi
2670 1465 2861 1536 erant,

322 1564 392 1623 ut
429 1559 794 1639 exciperent.

491 1655 606 1719 XI.
691 1649 1037 1737 ⁸Quartum
1059 1656 1178 1719 iam
1213 1655 1374 1718 diem
1411 1654 1629 1720 eodem
1662 1654 1809 1719 loco
1846 1654 2107 1737 quietem
2148 1652 2321 1716 militi
2366 1654 2639 1731 dederat,
2674 1672 2864 1737 quum

323 1748 554 1813 litteras
593 1751 968 1815 Nabarzanis
983 1799 1000 1832 ,
1061 1753 1166 1837 qui
1202 1756 1469 1815 Dareum
1514 1772 1655 1817 cum
1694 1754 1889 1815 Besso
1928 1748 2365 1831 interceperat,
2406 1750 2661 1829 accipit,
2720 1770 2865 1832 qua-

325 1864 464 1909 rum
504 1848 800 1913 sententia
825 1850 976 1913 haec
1015 1856 1170 1913 erat:
1211 1870 1280 1913 se
1306 1854 1511 1913 Dareo
1555 1869 1679 1914 non
1718 1848 1904 1911 fuisse
1936 1846 2267 1923 inimicum,
2307 1845 2429 1908 imo
2469 1844 2673 1924 etiam,
2709 1866 2863 1929 quae

327 1942 684 2007 credidisset
725 1945 896 2009 utilia
936 1966 1070 2013 esse
1083 1994 1100 2025 ,
1165 1948 1458 2025 suasisse,
1512 1953 1575 2009 et
1618 1945 1761 2030 quia
1798 1943 1976 2011 fidele
2023 1942 2344 2007 consilium
2380 1940 2515 2025 regi
2570 1942 2863 2022 dedisset,

327 2058 526 2121 prope
567 2040 836 2107 occisum
879 2042 957 2107 ab
996 2064 1089 2109 eo.
1177 2038 1499 2125 ⁰Agitasse
1542 2046 1824 2118 Dareum,
1867 2040 2204 2103 custodiam
2248 2040 2531 2121 corporis
2571 2039 2667 2103 sui
2710 2058 2866 2103 con-

329 2142 426 2199 tra
459 2135 554 2201 ius
588 2138 800 2221 fasque
838 2141 1164 2222 peregrino
1207 2140 1380 2203 militi
1419 2142 1691 2217 tradere,
1748 2139 2023 2201 damnata
2056 2136 2449 2219 popularium
2486 2137 2635 2213 fide,
2684 2157 2862 2218 quam

329 2250 445 2313 per
489 2234 786 2297 ducentos
847 2243 908 2298 et
959 2237 1204 2317 triginta
1249 2256 1442 2301 annos
1496 2236 1840 2300 inviolatam
1900 2235 2147 2315 regibus
2212 2234 2339 2297 suis
2401 2231 2861 2315 praestitissent.

327 2323 386 2369 ¹⁰
409 2329 496 2391 Se
535 2330 598 2391 iu
639 2331 958 2413 praecipiti
999 2338 1062 2395 et
1099 2332 1337 2397 lubrico
1374 2337 1630 2396 stantem
1686 2330 2008 2398 consilium
2065 2351 2102 2392 a
2144 2330 2447 2412 praesenti
2500 2330 2861 2393 necessitate

331 2422 642 2505 repetisse.
727 2426 996 2491 Dareum
1035 2448 1311 2513 quoque,
1379 2449 1566 2511 quum
1620 2429 1943 2491 occidisset
1978 2430 2227 2509 Bagoen
2242 2474 2259 2504 ,
2316 2426 2428 2490 hec
2470 2427 2862 2489 excusatione

332 2519 698 2585 satisfecisse
753 2524 1184 2605 popularibuS,
1243 2525 1412 2609 quod
1481 2525 1857 2589 insidiantem
1926 2524 2340 2589 interemisset.
2438 2519 2665 2587 ¹1Nihil
2730 2542 2862 2586 esse

331 2614 570 2682 miseris
590 2618 941 2685 mortalibus
970 2620 1188 2704 spiritu
1226 2622 1444 2687 carius..
1502 2622 1731 2686 Amore
1770 2622 1902 2687 eius
1942 2622 2020 2685 ad
2056 2620 2267 2685 ultima
2308 2640 2441 2684 esse
2479 2619 2863 2702 propulsum.

333 2713 462 2777 Sed
521 2735 594 2778 ea
642 2717 832 2798 magis
885 2737 1022 2782 esse
1081 2727 1427 2803 sequutum,
1483 2739 1639 2804 quae
1693 2720 1997 2801 coegisset
2052 2717 2379 2780 necessitas
2393 2765 2410 2794 ,
2464 2736 2648 2800 quam
2710 2737 2883 2800 quae¹

335 2816 624 2891 optasset.
685 2808 815 2876 ¹²11:
855 2817 1156 2880 communi
1201 2817 1535 2880 calamitate
1572 2835 1745 2880 suam
1783 2835 2084 2900 quemque
2123 2814 2347 2878 habere
2386 2815 2712 2878 fortunam.
2802 2813 2864 2877 Si

335 2908 542 2970 venire
584 2927 652 2971 se
689 2910 939 2990 iuberet,
979 2912 1112 2978 sine
1155 2920 1320 2976 metu
1357 2933 1493 2978 esse
1534 2919 1869 2989 venturum.
1952 2913 2101 2976 Non
2143 2911 2371 2988 timere,
2410 2931 2491 2974 ne
2536 2911 2727 2974 tidem
2768 2911 2867 2972 da-

337 3009 460 3068 tam
482 3012 684 3070 tantus
717 3027 828 3070 rex
860 3009 1145 3073 violaret:
1186 3011 1338 3073 deos
1373 3031 1416 3072 a
1453 3012 1572 3074 deo
1614 3009 1743 3072 falli
1786 3029 1911 3073 non
1952 3009 2175 3076 solere.
2254 3003 2306 3047 ¹³
2322 3010 2609 3071 Ceterum
2654 3007 2730 3086 si,
2768 3007 2867 3072 cui

338 3099 519 3162 fidem
543 3101 732 3180 daret,
771 3104 1078 3168 videretur
1097 3105 1394 3188 indignus,
1433 3107 1623 3169 multa
1643 3105 1822 3168 exilia
1840 3110 2049 3186 patere
2077 3104 2361 3187 fugienti:
2411 3103 2668 3185 patriam
2714 3123 2867 3182 esse,

339 3195 684 3280 ubicunque
729 3198 824 3260 vir
881 3201 1056 3264 fortis
1117 3203 1324 3264 sedem
1379 3201 1500 3264 sibi
1545 3202 1823 3282 'elegen-it.
1907 3195 1958 3242 ¹⁴
1974 3201 2035 3264 N
2038 3220 2111 3263 ec
2157 3200 2447 3264 dubitavit
2484 3199 2867 3278 Alexander,

341 3289 540 3368 fidem,
585 3311 710 3375 quo
758 3295 980 3359 Persae
1020 3297 1204 3360 modo
1245 3297 1641 3379 accipiebant,
1684 3299 1849 3376 dare,
1894 3296 2266 3375 inviolatum,
2308 3297 2363 3358 si
2398 3296 2678 3376 venisset,
2714 3299 2866 3362 fore.

343 3459 416 3511 ist
453 3471 542 3515 am
573 3461 967 3531 Nordabhange
999 3467 1096 3520 des
1131 3467 1388 3533 Gehirges
1427 3481 1495 3521 zu
1542 3468 1762 3520 sucben.
1807 3493 1864 3504 -
1924 3465 2211 3520 itinera.
2292 3467 2344 3516 S.
2393 3477 2459 3516 zu
2494 3461 2547 3525 5,
2589 3461 2641 3526 2,
2684 3463 2765 3518 13.
2809 3491 2864 3504 -—

341 3522 393 3586 6,
435 3525 518 3590 10,
551 3527 599 3580 5.
668 3527 989 3587 luem-rit.
1059 3536 1282 3588 Werum
1320 3535 1471 3588 nicht
1513 3533 1785 3588 decurrit?
1854 3533 2027 3600 Vergl.
2070 3531 2118 3596 9,
2154 3531 2237 3596 35,
2270 3531 2318 3586 9.
2356 3557 2417 3570 -
2471 3548 2733 3602 concep
2755 3541 2869 3584 tus.

343 3593 496 3648 Frele
537 3597 954 3668 vobertragung.

479 3681 528 3751 6,
569 3685 648 3753 10,
680 3685 732 3742 6.
783 3690 1108 3760 Ridagnus.
1160 3693 1248 3747 1².ae
1288 3693 1637 3762 enimet-qo.
1689 3695 1842 3748 Nicht
1864 3693 2031 3746 imber
2069 3707 2135 3746 zu
2156 3692 2499 3744 bestimmen.
2539 3717 2599 3729 -
2636 3687 2693 3756 6,
2718 3689 2869 3753 1⁰‚7.

349 3749 804 3835 Quaecunque
839 3759 1158 3815 demina.
1199 3764 1280 3815 Z.:
1321 3763 1607 3834 quicunque
1627 3761 1845 3812 donnini.
1882 3788 1940 3802 -
1983 3768 2101 3811 est.
2158 3762 2208 3812 S.
2237 3773 2304 3814 zu
2324 3755 2553 3825 3,5,18.
2600 3785 2661 3797 —
2704 3776 2871 3826 upe-

343 3829 546 3876 rstur.
584 3825 670 3876 R:
709 3827 893 3894 aperit.
933 3832 1110 3897 Vergl.
1139 3827 1187 3894 4,
1223 3827 1306 3894 38,
1339 3827 1423 3882 21.
1463 3857 1522 3870 -
1570 3829 1752 3896 duola.
1790 3829 1871 3881 R:
1911 3827 2035 3878 duos
2070 3833 2263 3885 tauros.

477 3911 532 3978 6,
575 3915 658 3980 11,
698 3915 750 3970 8.
821 3919 1135 3982 Quietem.
1199 3923 1252 3974 S.
1291 3918 1446 3986 43⁷,
1474 3919 1565 3972 13:
1604 3921 1865 3988 μανι-ἐμ·
1896 3920 1983 3970 ad
2016 3915 2665 3986 qudetm-diebusdatis
2708 3916 2873 3968 militi.

347 3981 501 4035 Caes.
537 3983 591 4035 b.
625 3999 671 4036 c.
709 3985 760 4048 7,
798 3984 898 4038 41:
951 3988 1112 4040 tribu
1150 3988 1292 4040 horit
1348 3988 1515 4042 noctis
1555 3989 1805 4042 exercista
1849 3987 1923 4038 ad
1970 3987 2185 4056 quietem
2237 3983 2391 4036 datis.
2463 3984 2725 4050 Dagegen
2774 3987 2872 4036 Liv.

347 4045 434 4109 25,
456 4047 542 4112 35,
566 4047 631 4101 1:
664 4053 758 4104 οἱ»
790 4057 1084 4105 naccum-ia
1118 4057 1284 4122 quiete
1330 4057 1458 4106 daea
1491 4055 1753 4112 militibus.
1794 4083 1851 4094 —
1891 4053 2240 4109 sententia
2278 4053 2502 4114 shnlicb,
2537 4055 2683 4105 auch
2720 4067 2873 4104 weun

349 4115 448 4166 der
483 4117 670 4178 inhalt,
703 4121 791 4171 die
816 4121 1271 4187 Hauptgedanken
1305 4125 1360 4174 in
1399 4124 1499 4178 der
1537 4125 1769 4179 oratio
1804 4124 2087 4178 directa
2122 4122 2325 4173 wieder
2359 4121 2602 4184 gegeben
2636 4122 2873 4174 werden.

349 4182 402 4232 S.
425 4183 652 4264 bellust.
689 4185 810 4252 Jug.
843 4185 897 4249 9,
933 4187 978 4251 1,
1015 4186 1086 4239 23
1117 4189 1207 4240 fin.
1282 4192 1354 4242 So
1393 4205 1605 4253 summa,
1644 4194 1749 4243 wie
1785 4193 1839 4242 C.
1874 4187 1923 4256 6,
1961 4187 2044 4254 34,
2081 4185 2163 4241 14.
2199 4186 2248 4250 6,
2285 4185 2367 4250 42,
2412 4185 2492 4238 12.
2524 4189 2713 4254 virgil.
2753 4192 2872 4240 Aen.

350 4245 401 4310 4,
439 4245 561 4300 237.
597 4277 663 4288 ·-
695 4252 826 4306 imo
877 4255 1113 4318 etiarm·
1160 4256 1317 4320 jenes
1366 4257 1563 4309 druckt
1594 4271 1717 4320 sus,
1768 4261 1897 4312 dass
1939 4261 2037 4312 der
2080 4255 2323 4322 folgende
2362 4257 2487 4310 sata
2522 4256 2623 4310 des
2658 4257 2877 4321 Gegen—

350 4315 783 4454 ghazilloex'r'oigigggx
819 4323 1014 4381 letzten
1043 4325 1288 4376 Prudicet
1326 4325 1540 4388 entha'lt,
1599 4327 1793 4420 dieseS,
1844 4327 1971 4381 dass
2002 4327 2158 4394 jener
2192 4326 2349 4376 einen
2382 4324 2735 4392 §teigernden
2768 4326 2877 4376 Ge-

410 4546 422 4558 ·
487 4475 537 4543 6,
577 4478 660 4544 11,
693 4479 741 4538 9,
797 4481 1148 4550 Agitasse.
1211 4486 1352 4538 S.zu
1386 4481 1552 4546 4‚48‚
1582 4481 1663 4536 16.
1702 4511 1765 4520 -
1808 4480 1965 4548 6,11‚
1992 4482 2083 4536 10.
2118 4481 2599 4534 Insidiantem.
2650 4483 2874 4543 Andere,

354 4557 458 4598 wie
495 4547 570 4616 Ζ.,
607 4549 705 4606 im.
741 4550 854 4608 sibi.
894 4577 953 4592 --
1021 4547 1076 4614 6,
1106 4551 1195 4619 111,
1235 4551 1318 4604 11.
1378 4551 1780 4619 Sequanam,
1830 4567 2007 4618 quae
2058 4551 2402 4618 coegisset
2452 4549 2874 4609 necessitas,

355 4626 549 4676 quam
582 4634 750 4685 quae
781 4626 1103 4686 optasset.
1175 4621 1231 4672 Z.
1279 4619 1384 4686 gab
1437 4634 1575 4672 nur:
1624 4626 1869 4682 secum,
1918 4635 2072 4686 qaam
2122 4626 2340 4685 optasse,
2386 4632 2512 4670 zum
2556 4619 2709 4671 'rhein
2744 4616 2877 4668 nach

353 4679 512 4821 εοηὲι
544 4715 604 4806 -ἔ
655 4686 719 4808 1(34,
757 4688 842 4806 ¹41⁹
877 4685 957 4744 1³.
1023 4686 1174 4742 Sibi
1220 4701 1328 4740 von
1372 4691 1424 4740 z.
1477 4686 1887 4754 eingeschoben.
1926 4713 1983 4731 --
2048 4681 2098 4749 6,
2157 4684 2240 4750 11,
2291 4683 2374 4742 14.
2442 4684 2874 4748 Quo—modo.

401 4767 462 4808 er
515 4793 528 4805 0
599 4789 620 4816 ,
723 4792 735 4818 2
807 4793 821 4806 ο
