2975 5350
536 363 650 426 lx:
695 360 835 424 xL.
890 336 1185 427 134-16.
1230 362 1395 425 xm.
1446 368 1744 427 17—-22,
1781 366 1968 429 xm.
2016 368 2313 430 22—30.
2565 368 2692 433 3⁶25

134 525 415 607 ²²Quem
465 537 891 593 occurrentem
938 532 1307 594 dissimulata
1350 532 1440 593 ira
1486 533 1740 593 comiter
1783 534 2162 615 alloquutus,
2220 533 2363 595 dum
2407 536 2683 615 explora-

136 635 251 703 ret,
297 646 456 707 quae
501 626 699 689 delata
738 636 923 705 erant,
966 630 1025 689 in
1064 631 1281 692 eodem
1327 630 1560 690 honore
1602 629 1820 691 habuit.
2263 632 2266 640 '

310 722 502 783 XLII.
564 728 769 804 Quum
796 726 937 787 inde
976 727 1285 805 praefecti,
1332 727 1489 787 sicut
1534 726 1887 805 imperatum
1935 734 2078 803 erat,
2124 749 2415 809 equorum
2453 728 2678 790 iumen-

132 830 467 900 torumque
514 819 801 899 iugalium
843 824 963 883 vim
1008 822 1308 902 ingentem
1354 842 1428 882 ex
1478 822 1672 897 omni,
1719 840 1874 903 quae
1919 824 2031 884 sub
2075 824 2332 904 imperio
2372 832 2529 901 erat,
2585 846 2675 885 re-

133 919 325 998 gione
373 915 691 993 misissent,
740 919 957 999 quibus
998 920 1247 980 deerant
1284 920 1744 997 impedimenta,
1788 919 2064 982 restituit.
2133 916 2392 982 2³Arma
2431 932 2672 1003 q'uoque
2717 984 2721 987 ,

133 1018 214 1076 ad
244 1013 565 1095 pristinum
604 1014 831 1075 refecta
854 1014 1273 1076 suntcultum:
1320 1016 1546 1095 quippe
1590 1016 1748 1075 haud
1793 1016 2011 1095 procul
2053 1038 2090 1077 a
2134 1018 2380 1079 Perside
2425 1018 2674 1079 aberant

131 1132 265 1173 non
305 1117 523 1191 pacata
564 1111 778 1185 mode,
841 1113 950 1172 sed
986 1112 1163 1173 etiam
1206 1112 1509 1190 opulenta.
1587 1106 1878 1191 ²⁴1gitur',
1948 1119 2014 1174 ut
2053 1134 2237 1195 supra
2281 1116 2505 1175 dictum
2559 1122 2667 1187 est,

129 1207 476 1270 aemulatus
521 1207 709 1285 patris
744 1208 947 1269 Liberi
990 1228 1111 1269 non
1158 1208 1412 1287 gloriam
1454 1208 1682 1284 solum,
1744 1228 1919 1288 quam
1959 1229 2034 1269 ex
2077 1209 2196 1271 illis
2236 1210 2515 1289 gentibus
2567 1211 2668 1271 de-

128 1312 519 1387 portaverat,
562 1303 669 1364 sed
714 1304 889 1365 etiam
932 1306 1174 1380 famam,
1214 1305 1339 1366 sive
1382 1304 1538 1366 illud
1579 1306 1920 1385 triumphus
1975 1307 2086 1367 fuit
2142 1308 2218 1367 ab
2273 1327 2346 1367 eo
2409 1307 2668 1386 primum

56 1420 66 1425 ·
130 1403 450 1464 institutus
492 1400 621 1461 sive
664 1401 1081 1463 bacchantium
1124 1403 1315 1478 lusuS,
1356 1403 1562 1463 statuit
1599 1402 1842 1477 imitari,
1889 1402 2089 1464 animo
2127 1424 2311 1483 super
2348 1406 2667 1465 humanum

128 1500 443 1579 fastigium
486 1496 663 1558 elato.
733 1492 1021 1575 ²⁵Vicos,
1077 1520 1191 1579 per
1232 1518 1387 1581 quos
1425 1499 1543 1562 iter
1586 1506 1745 1575 erat,
1785 1499 2037 1561 floribus
2081 1500 2446 1581 coronisque
2480 1503 2665 1561 sterni
2747 1482 2756 1491 ’

128 1598 338 1669 iubet,
394 1592 700 1655 liminibus
743 1594 979 1674 aedium
1024 1604 1287 1657 crateras
1328 1596 1469 1657 vino
1515 1596 1778 1677 repletas
1816 1602 1876 1656 et
1919 1595 2036 1657 alia
2078 1597 2328 1658 eximiae
2378 1588 2666 1677 magnitu-

128 1694 296 1754 dinis
339 1710 483 1751 vasa
517 1685 790 1769 disponi3
850 1692 1127 1753 vehicula
1168 1692 1383 1753 deinde
1424 1700 1753 1767 constrata,
1801 1698 1868 1752 ut
1907 1692 2112 1770 plures
2173 1712 2392 1783 capere
2447 1694 2663 1755 milites

127 1794 411 1870 possent,
453 1786 513 1846 in
549 1788 1075 1875 tabernaculorum
1122 1780 1364 1848 modum
1406 1788 1627 1863 ornari,
1667 1787 1782 1849 alia
1820 1788 2090 1851 candidis
2128 1790 2303 1864 velis,
2345 1790 2460 1849 alia
2495 1796 2661 1851 veste

125 1885 425 1966 pretiosa.
486 1878 736 1945 ²⁶Primi
777 1885 939 1946 ibant
992 1883 1165 1943 amici
1206 1891 1265 1944 et
1318 1886 1542 1945 cohors
1591 1885 1786 1962 regia,
1843 1884 2024 1943 variis
2081 1885 2351 1945 redimita
2407 1885 2690 1947 floribus-

128 1982 539 2062 coronisque3
582 1982 722 2042 alibi
748 1982 1057 2043 tibicinum
1088 1990 1313 2055 cantus,
1360 1979 1503 2041 alibi
1547 1977 1715 2058 lyrae
1763 1992 1948 2041 sonus
1989 1981 2374 2043 audiebatur:
2416 1982 2556 2041 item
2597 1981 2660 2041 in

124 2081 429 2143 vehiculis
471 2098 587 2159 pro
626 2080 805 2158 copia
847 2078 1138 2159 cuiusque
1183 2076 1491 2139 adornatis
1537 2075 2033 2139 comissabundus
2072 2067 2400 2154 exercitus»,
2458 2078 2654 2156 armis,

127 2198 295 2259 quae
336 2176 589 2237 maxime
634 2177 857 2236 decora
895 2182 1081 2249 erant,
1124 2172 1769 2253 circumpendentibus
1837 2174 2040 2253 Ipsum
2083 2175 2486 2256 convivasque
2522 2194 2656 2235 cur-

124 2295 241 2337 rus
268 2272 540 2347 vehebat,
584 2272 833 2333 crateris
862 2271 1061 2333 aureis
1080 2272 1467 2353 eiusdemque
1493 2270 1774 2331 materiae
1821 2269 2160 2350 ingentibus
2201 2264 2442 2352 poculis
2485 2290 2658 2350 prae-

130 2370 355 2452 gravis
446 2364 645 2431 ²⁷Hoc
703 2369 887 2429 modo
936 2388 1047 2448 per
1096 2368 1225 2429 dies
1276 2373 1508 2447 septem
1567 2365 2064 2429 bacchabundum
2124 2388 2337 2447 agmen
2387 2366 2650 2443 incessit,

126 2476 345 2549 parata
383 2468 624 2547 praeda,
669 2466 721 2527 si
768 2464 913 2548 quid
948 2465 1121 2527 victis
1158 2465 1367 2526 saltem
1408 2464 1700 2524 adversus
1749 2465 2141 2525 comissantes
2189 2465 2368 2525 animi
2413 2464 2650 2525 fuisset:

126 2566 301 2627 mille
340 2564 603 2639 hercule,
646 2562 761 2622 viri
794 2562 979 2623 modo
1022 2570 1082 2622 et
1123 2562 1329 2636 sobrii,
1372 2568 1602 2640 septem
1637 2560 1868 2621 dierum
1905 2560 2151 2638 crapula
2193 2580 2406 2641 graves
2448 2562 2506 2621 in
2535 2572 2650 2621 suo

130 2663 439 2743 triumpho
487 2678 706 2740 capere
744 2664 1086 2739 potuerunt.
1156 2652 1357 2718 238ed
1402 2658 1660 2733 fortuna,
1703 2678 1856 2739 quae
1893 2657 2074 2718 rebus
2110 2658 2324 2717 famam
2366 2656 2648 2736 pretium-

129 2781 252 2843 que
278 2758 604 2834 constituit,
654 2757 771 2817 hoc
802 2775 1045 2837 quoque
1090 2755 1331 2816 militiae
1376 2755 1666 2834 probrum
1709 2751 1888 2814 vertit
1925 2753 1985 2813 in
2029 2753 2297 2832 gloriam.
2364 2755 2443 2814 Et
2479 2772 2652 2832 prae-

128 2877 279 2921 sens
317 2862 483 2917 aetas
524 2862 584 2914 et
622 2853 945 2933 posteritas
989 2851 1203 2912 deinde
1244 2853 1455 2912 mirata
1499 2857 1610 2923 est,
1656 2869 1766 2929 per
1805 2857 2012 2928 gentes
2054 2851 2320 2910 nondum
2357 2850 2503 2910 satis
2544 2849 2652 2910 do·

126 2957 309 3018 mitas
344 2951 666 3014 incessisse
706 2948 1085 3024 temulentos,
1124 2947 1414 3024 barbariS,
1454 2948 1616 3028 quod
1661 2947 1960 3011 temeritas
2003 2952 2146 3022 erat,
2189 2945 2488 3008 fiduciam.
2517 2963 2650 3006 esse

128 3049 537 3114 credentibus.
619 3041 675 3084 29
688 3047 885 3106 Hunc·
917 3050 1265 3123 apparatum
1322 3043 1585 3104 carnifex
1645 3043 2038 3123 sequebatur:
2095 3043 2318 3124 quippe
2382 3047 2650 3123 satrapes

127 3151 452 3227 AspasteS,
475 3145 551 3204 de
585 3162 707 3223 quo
750 3147 886 3202 ante
930 3140 1151 3203 dictum
1202 3145 1309 3216 est,
1356 3140 1610 3200 interfici
1653 3141 1851 3200 iussus
1885 3127 2011 3201 sest.
2052 3133 2144 3206 ‚3⁰
2161 3139 2339 3226 Adeo
2390 3159 2510 3220 nec·
2553 3137 2649 3200 lu-

125 3245 341 3306 xuriae
385 3242 717 3323 quicquam⁴
749 3237 1069 3298 crudelitas
1106 3256 1220 3298 nec
1260 3235 1598 3300 crudelitati
1638 3235 1873 3298 luxuria
1915 3237 2131 3326 obstat.
2605 3265 2613 3270 ·

267 3414 322 3488 9,
357 3424 443 3486 42,
476 3418 562 3476 22.
601 3422 780 3473 Inde.
824 3423 900 3471 R:
936 3419 1131 3472 Indiae.
1174 3448 1227 3456 -
1268 3420 1786 3486 impedimenta.
1848 3421 1974 3471 Hier
1997 3434 2060 3470 so
2085 3422 2188 3471 viel
2225 3421 2302 3470 als
2336 3417 2648 3468 iumenta.

128 3500 199 3546 So
238 3497 346 3546 Liv.
385 3491 466 3555 38,
502 3489 582 3554 41,
622 3487 677 3540 3;
727 3491 784 3538 in
834 3505 891 3538 eo
939 3486 1137 3555 proelio
1184 3503 1335 3552 quum
1378 3493 1427 3534 et
1464 3487 2095 3553 impedimentorum
2136 3503 2264 3554 pars
2315 3491 2366 3534 et
2413 3484 2650 3534 calon-um

126 3572 176 3614 et
216 3561 409 3614 milites
454 3557 1065 3625 aliquot-eeeidissenh
1110 3581 1167 3596 -ν
1234 3552 1280 3616 9,
1321 3551 1403 3616 42,
1442 3551 1526 3608 24.
1576 3554 1727 3604 Sive
1767 3553 1953 3610 illud.
2009 3557 2058 3603 S.
2097 3569 2166 3604 zu
2203 3550 2252 3613 4,
2283 3550 2366 3613 30,
2407 3550 2484 3602 13.
2549 3555 2650 3602 Dio

126 3633 405 3684 festlichen
444 3631 675 3688 Einznge
709 3627 793 3676 bei
834 3627 932 3676 der
965 3623 1257 3685 Ruckkehr,
1311 3623 1415 3683 die,
1470 3636 1625 3670 wenn
1663 3621 1800 3670 auch
1840 3623 1936 3669 mit
1972 3621 2373 3671 orientaliscber
2407 3621 2648 3683 Ueppig-

124 3702 259 3759 keit,
295 3699 435 3750 doch
472 3700 627 3748 sonst
657 3697 712 3744 in
748 3695 881 3743 allen
924 3691 1092 3742 Ehren
1136 3690 1245 3739 und
1292 3691 1429 3740 ohne
1458 3687 1772 3738 lacherliche
1805 3689 2184 3738 Pratensionen
2217 3678 2495 3750 begangen
2530 3688 2646 3738 sein

124 3768 367 3828 werden,
407 3771 601 3828 mugen
634 3765 759 3826 jene
798 3751 1087 3822 Erfind'ung
1122 3759 1423 3808 veranlasst
1454 3758 1646 3807 haben.

265 3855 315 3916 9,
357 3853 437 3918 42,
458 3841 557 3905 25.
634 3853 766 3920 Rep
786 3849 977 3900 letas.
1032 3851 1083 3900 F.
1106 3865 1115 3898 :
1148 3847 1381 3915 repletos
1446 3847 1619 3910 vergi.
1662 3848 1714 3896 C.
1753 3843 1800 3906 4,
1833 3842 1917 3907 34,
1953 3841 2042 3895 16;
2092 3851 2352 3893 crateram
2390 3861 2503 3894 eam
2543 3844 2645 3893 tri-

120 3925 275 3993 qima
308 3924 507 3992 pateris
545 3921 767 3981 dicavit,·
803 3921 912 3969 und
934 3917 981 3980 9,
1008 3915 1091 3978 42,
1114 3913 1207 3965 26:
1245 3929 1425 3964 cur-ras
1468 3914 1688 3963 crateris
1726 3914 1894 3963 aureis
1923 3912 2243 3979 praegravis.
2275 3940 2339 3947 -—
2375 3911 2423 3974 9,
2449 3907 2536 3972 42,
2561 3908 2643 3962 26.

131 3992 433 4042 comissa
450 3989 714 4040 bundas.
742 3989 824 4038 F.:
849 3983 1283 4036 comessabundas.
1308 4011 1363 4019 —-
1402 3981 1449 4045 9,
1470 3980 1555 4042 42,
1573 3979 1658 4030 27.
1683 3980 1820 4030 Par
1837 3995 1870 4030 a
1887 3988 1950 4030 ta
1991 3981 2075 4030 R:
2097 3986 2270 4048 parta.
2289 4007 2352 4016 —
2388 3996 2462 4030 eo
2479 3979 2642 4028 misss-

124 4067 376 4112 santes.
418 4059 502 4110 F.:
545 4063 891 4107 comessantes.
930 4083 993 4091 ——
1034 4051 1083 4116 9,
1104 4050 1184 4114 42,
1206 4049 1286 4101 28.
1330 4051 1471 4100 Hoc
1512 4065 1781 4116 quoque.
1819 4051 1894 4100 R:
1931 4048 2014 4098 hie
2048 4063 2256 4116 quoque.
2285 4075 2342 4110 ,-
2387 4045 2441 4107 9,
2460 4045 2544 4111 42,
2559 4045 2642 4124 30,

124 4127 330 4180 Adeo.
393 4131 441 4178 S.
480 4129 547 4178 zu
575 4125 628 4186 9,
666 4122 748 4185 14,
787 4122 837 4173 7.

368 4268 398 4279 -ae
