2975 5350
1600 194 1637 227 δ

279 340 382 406 vr.
408 338 614 406 xxv,
641 324 1133 407 8415.xxv1.
1163 343 1430 408 16—23.
1453 340 1721 411 xxvn.
1745 350 2015 414 24-30.
2042 348 2341 417 xxvm.
2370 352 2469 421 31.
2522 350 2645 418 195

95 506 368 573 nuntiari
407 512 538 591 regi
571 511 756 573 iubet.
817 506 868 553 ¹⁹
881 510 1164 587 Philotas,
1211 512 1559 577 collaudato
1600 534 1696 593 eo,
1736 518 2015 597 protinus
2056 520 2238 581 intrat
2278 520 2355 583 ad
2386 520 2644 585 Alexan—

98 610 300 685 drum,
325 608 656 690 ‘multoque
683 608 939 670 invicem
955 608 1034 671 de
1078 608 1210 671 aliis
1255 611 1438 672 rebus
1468 628 1750 673 sermone
1794 623 2177 697 consumpto,
2222 617 2370 679 nihil
2412 638 2643 697 eorum,

101 724 260 786 quae
307 722 387 766 ex
433 704 732 767 Cebalino
773 711 1172 785 cognoverat,
1228 707 1476 769 nuntiat.
1542 704 1605 748 2⁰
1622 710 1751 771 Sub
1784 728 2100 791 vesperam
2150 732 2288 776 eum
2338 717 2645 795 prodeun-

96 810 217 863 tem
262 802 328 863 in
369 802 678 865 vestibulo
717 801 920 881 regiae
961 801 1183 882 excipit
1219 803 1481 880 iuvenis,
1539 824 1614 866 an
1673 808 2015 869 mandatum
2070 818 2408 893 exequutus
2466 793 2643 890 toret,

100 900 438 980 requirens·
515 894 717 974 ame,
773 913 902 959 non
945 913 1196 961 vacasse
1236 901 1505 962 sermoni
1560 920 1675 963 suo
1725 922 1929 983 regem
1987 917 2267 969 causat-us
2283 956 2300 985 ,
2348 909 2639 973 discessit.

102 998 362 1059 Postero
407 996 508 1057 die
549 994 876 1057 Cebalinus
913 995 1178 1057 venienti
1213 996 1276 1057 in
1311 998 1539 1077 regiain
1586 1006 1833 1077 praesto
1878 1008 1994 1077 est,
2048 1002 2489 1085 intrantemque
2540 1006 2643 1067 ad-

102 1098 310 1155 monet
337 1093 538 1173 pridie
562 1094 1040 1155 communicatae
1075 1110 1211 1152 cum
1243 1093 1380 1174 ipso
1411 1096 1518 1155 rei.
1576 1094 1685 1156 llle
1726 1114 1908 1158 curae
1952 1098 2068 1159 sibi
2106 1116 2241 1161 esse
2282 1104 2641 1182 respondet:

100 1210 172 1250 ac
205 1210 288 1251 ne
335 1197 467 1253 tum
493 1190 758 1271 quidem
803 1190 948 1270 regi,
973 1208 1148 1269 aqua-e
1191 1188 1478 1267 audierat,
1520 1193 1731 1271 aperit.
1818 1194 2125 1274 Coeperat
2162 1196 2455 1260 Cebalino
2506 1216 2643 1262 esse

102 1295 447 1366 suspectus,
521 1282 794 1369 22ltaque
839 1306 962 1349 non
1003 1285 1162 1347 ultra
1199 1286 1698 1367 interpellandum
1736 1298 1936 1367 ratus,
1990 1291 2182 1353 nobili
2224 1292 2457 1371 iuveni,
2512 1298 2633 1358 Me·

102 1392 239 1445 tron
261 1390 404 1446 erat
441 1383 498 1445 ei
531 1404 770 1461 nomen,
815 1403 1000 1464 snper
1041 1386 1563 1446 armamentarium
1603 1387 1824 1465 posito,
1874 1390 2040 1469 quod
2072 1390 2271 1451 scelus
2310 1400 2643 1471 pararetur,

102 1480 344 1541 indicat.
415 1475 592 1541 asffle
633 1480 926 1543 Cebalino
967 1482 1028 1542 in
1061 1483 1523 1543 armamentario
1567 1477 1941 1561 ahscondito,
1992 1488 2271 1566 protinus
2312 1490 2458 1569 regi,
2493 1509 2641 1578 ‚cor-

104 1596 214 1657 pus
258 1579 428 1640 forte
467 1578 718 1653 curanti,
767 1573 914 1659 quid
955 1577 1012 1637 ei
1055 1577 1234 1639 index
1277 1579 1607 1657 detulisset,
1650 1581 1929 1645 ostendit.

265 1676 541 1737 XXVII.
619 1668 836 1748 24Rex,
877 1674 951 1733 ad
997 1676 1629 1753 comprehendendum
1669 1678 1951 1739 Dimnum
2010 1681 2211 1743 missis
2268 1667 2654 1761 satellitibus,—

103 1770 627 1833 armamentarium
668 1770 868 1833 intrat.
930 1771 1018 1831 Ibi
1047 1772 1372 1833 Cebalinus
1411 1773 1631 1851 gaudio
1667 1773 1872 1850 elatus,
1912 1774 2121 1836 Habeo
2166 1785 2243 1852 te,
2290 1778 2499 1860 inquit,
2541 1783 2640 1840 in-

102 1871 404 1930 columem
447 1888 526 1929 ex
565 1870 896 1949 impiorum
929 1866 1216 1928 manibus
1263 1876 1555 1947 ereptum.
1622 1864 2087 1933 &Percontatus
2124 1873 2339 1935 deinde
2382 1876 2642 1938 Alexan-

105 1966 206 2027 der
229 2011 247 2042 ,
303 1982 470 2047 quae
501 1966 812 2029 noscenda
845 1971 1048 2043 erant,
1088 1964 1302 2026 ordine
1345 1972 1565 2027 cuncta
1606 1966 1941 2045 cognoscit.
2026 1968 2381 2052 Rursusque
2434 1973 2645 2035 institit

105 2080 424 2145 quaerere,
464 2068 686 2144 quotus
729 2061 858 2123 dies
901 2066 1082 2136 esset,
1117 2080 1193 2121 ex
1231 2080 1354 2143 quo
1395 2056 1803 2125 Nicomachus
1844 2064 1923 2124 ad
1962 2082 2097 2125 eum
2139 2066 2452 2131 detulisset
2491 2069 2643 2130 indi-

105 2159 286 2223 cium.
365 2154 634 2239 ²⁶Atque
671 2158 779 2219 illo
822 2160 1044 2219 fatente
1059 2206 1075 2234 ,
1133 2156 1250 2218 iam
1296 2160 1536 2220 tertium
1580 2178 1715 2221 esse
1734 2207 1755 2235 ,
1798 2160 2143 2223 existimans
2161 2210 2177 2237 ,
2234 2164 2397 2223 haud
2444 2164 2645 2225 incor—

106 2265 286 2339 rupta
307 2258 432 2319 fide
467 2260 640 2317 tanto
684 2262 836 2335 post·
867 2254 1120 2331 deferre,
1163 2274 1320 2336 quae
1359 2254 1648 2333 audierat,
1694 2256 1909 2318 vinciri
1944 2272 2083 2319 eum
2120 2258 2393 2321 iusserat.
2466 2256 2521 2299 ²⁷
2532 2260 2642 2322 me

107 2356 416 2417 clamitare
463 2351 669 2432 eoepit
685 2398 702 2429 ,
745 2353 960 2414 eodem
1001 2352 1294 2431 temporis
1339 2343 1677 2430 momento,
1736 2372 1857 2436 quo
1905 2354 2205 2433 audisset,
2246 2356 2323 2417 ad
2365 2356 2642 2419 Philotan

109 2451 480 2517 decurrisse:
523 2450 599 2511 ab
620 2468 700 2511 eo
733 2454 1210 2529 percontaretur.
1281 2442 1342 2490 ²3
1357 2450 1488 2511 Rex
1530 2452 1672 2512 item
1716 2468 2034 2533 quaerens,
2074 2472 2151 2513 an
2172 2453 2448 2515 Philotan
2490 2454 2645 2516 adis-

110 2558 224 2626 set,
284 2568 364 2609 an
405 2547 718 2609 institisset
757 2546 845 2623 ei,
906 2552 974 2606 ut
1011 2546 1392 2625 pervenirent
1436 2548 1513 2607 ad
1562 2568 1629 2609 se
1646 2596 1661 2623 ,
1699 2555 2145 2627 'perseverante
2205 2570 2281 2611 eo
2328 2551 2645 2628 affimare,

110 2650 258 2728 quae
301 2644 554 2722 dixerat,
597 2662 809 2706 manus
855 2643 934 2704 ad
975 2642 1216 2708 coelum
1261 2645 1515 2706 tendens
1534 2694 1550 2722 ,
1591 2644 1967 2708 manantibus
2008 2644 2297 2723 lacrimis,
2334 2648 2489 2708 hane
2531 2647 2649 2708 sibi

111 2765 144 2804 a
193 2742 514 2805 carissimo
563 2741 867 2824 quondam
927 2737 1259 2801 amicorum
1317 2739 1565 2801 relatam
1618 2739 1867 2819 gratiam
1941 2743 2343 2822 querebatur.·
2410 2738 2469 2782 ²9
2484 2743 2649 2804 Inter

111 2842 254 2902 haec
277 2840 558 2915 nimus,
602 2836 762 2900 haud
785 2837 1048 2918 ignat-ue,
1095 2855 1272 2917 quam
1303 2837 1383 2898 ob
1407 2857 1650 2898 causam
1684 2843 2097 2899 accerseretur
2138 2857 2174 2898 a
2214 2852 2377 2916 rege,
2423 2838 2646 2917 gladio,

114 2958 232 3018 qno
273 2939 440 2999 forte
481 2943 612 2997 erat
653 2935 918 3010 cinctus,
980 2933 1245 3014 graviter
1290 2949 1356 2994 se
1401 2933 1706 3009 vulnerat,
1769 2950 2153 3014 occursuque
2194 2932 2513 2995 satellitum
2558 2935 2647 2996 in-

114 3035 350 3110 hibitus,
404 3033 708 3113 perfertur
747 3033 808 3094 in
849 3031 1093 3111 regiam.
1165 3025 1226 3076 ³⁰
1242 3033 1438 3110 Quem
1481 3031 1718 3091 intuens
1764 3049 1887 3106 rex,
1947 3027 2137 3107 Quod,
2193 3029 2400 3111 inquit,
2460 3033 2532 3091 in
2572 3036 2646 3108 te,

114 3133 358 3206 Dimne,
381 3137 660 3190 tantum
691 3130 971 3208 cogitavi
999 3125 1204 3208 nefas,
1259 3133 1338 3189 ut
1371 3124 1487 3186 tibi
1526 3128 1939 3189 Macedonum
1974 3145 2168 3206 regno
2209 3127 2465 3207 aegaeon
2504 3126 2649 3188 Phi-

115 3230 268 3288 lotas
306 3247 408 3288 me
439 3245 678 3305 quoque
709 3227 839 3305 span
879 3223 1238 3286 videretur?
1297 3219 1473 3284 Illum
1516 3223 1631 3283 iam
1672 3219 1975 3286 defecerat
2012 3239 2152 3286 vox.
2237 3225 2443 3305 Itaque
2482 3224 2671 3285 edito-

116 3323 338 3402 gemitu
375 3321 670 3403 vultuque
697 3342 734 3382 a
757 3325 1088 3400 conspeetu
1129 3319 1292 3398 regis
1336 3335 1573 3395 averso,
1616 3321 1873 3382 subinde
1914 3320 2223 3400 collapsus
2261 3321 2647 3401 extinguitur.
2744 3392 2751 3401 ¹

277 3419 576 3480 XXvul.
655 3412 706 3458 3¹
721 3419 871 3494 Rex,
911 3416 1148 3478 Philota
1189 3417 1398 3477 venire
1443 3418 1507 3476 in
1549 3417 1776 3496 regiam
1818 3405 2005 3494 iusso,
2050 3415 2389 3494 Cebalinus,
2438 3418 2648 3496 inquit,

113 3518 414 3577 ultimum
451 3517 822 3596 supplicium
863 3514 1144 3590 mer-itm,
1198 3515 1257 3572 si
1295 3515 1366 3572 in
1391 3506 1616 3590 „caput
1666 3531 1871 3572 meum
1909 3519 2331 3592 praeparratus
2388 3513 2653 3573 insidias

100 3611 296 3677 ,biduo
343 3613 517 3688 tem,
555 3612 742 3672 huius
783 3609 1066 3672 erminule
1104 3604 1402 3670 Philotan
1437 3625 1615 3668 reum
1636 3607 1987 3684 substituit,
2026 3609 2115 3670 ad
2154 3626 2329 3688 quem
2355 3611 2655 3690 protinus

252 3775 308 3838 6,
343 3775 432 3840 96,
481 3775 562 3830 19.
640 3775 1072 3829 Collaudato.
1128 3778 1206 3828 F:
1261 3775 1491 3826 laudato.
1552 3777 1603 3826 S.
1641 3774 1691 3837 7,
1724 3772 1771 3836 8,
1812 3773 1906 3826 17:
1949 3739 2388 3828 collaudatus
2428 3780 2479 3823 et
2550 3789 2652 3825 ro·-

115 3847 291 3974 3⁴⁸5,
287 3815 840 3988 9182231381
849 3841 917 3973 ‘³3⁸
931 3840 1637 3973 36”“1²‘1“''10⁰‘.’0‚5²‘1'2¹“¹2‘⁰
1658 3811 1994 3959 ῗέΞἌἜ
2016 3844 2155 3960 2ng
2190 3843 2219 3892 ¹
2196 3839 2316 3972 ἃ,
2334 3838 2654 3959 188Ἀέ14ωῑῖ.

117 3977 336 4048 reqmmt'
363 3995 508 4033 uum
547 3988 836 4047 praesto
871 3987 1014 4030 met.
1061 4007 1120 4018 -—
1167 3995 1246 4028 ac
1283 3993 1485 4042 ne—-q
1500 3977 1569 4026 υἰ
1632 3994 1748 4038 cm,
1792 3980 1910 4028 eine
1942 3979 2069 4028 sehr
2104 3945 2335 4028 beliebte
2372 3972 2655 4040 Wendung

117 4049 262 4100 heim
307 4048 668 4113 unbergange.
724 4049 894 4112 Vergl.
915 4046 964 4112 5,
985 4044 1036 4112 4,
1053 4046 1134 4098 97.
1177 4046 1224 4108 5,
1245 4045 1326 4107 93,
1349 4043 1398 4096 9.
1440 4043 1494 4106 5,
1522 4042 1605 4107 99,
1629 4043 1717 4102 15
1746 4043 1797 4108 8,
1822 4043 1910 4107 95,
1930 4043 1976 4096 9.
2020 4043 2069 4108 8,
2094 4044 2175 4109 51,
2196 4041 2283 4098 44.
2308 4043 2399 4107 10,
2440 4041 2528 4104 99,
2568 4041 2652 4094 91.

120 4119 328 4168 Seltuer
371 4123 434 4166 et
471 4116 869 4181 ησν--ᾳιιίάσπυ
907 4130 950 4166 s.
987 4131 1033 4167 z.
1069 4117 1125 4166 B:
1160 4118 1266 4165 Liv.
1311 4113 1356 4175 1,
1391 4111 1471 4178 58,
1512 4110 1560 4164 4.

253 4181 304 4246 6,
345 4181 430 4246 96,
471 4181 552 4234 99.
617 4184 834 4250 Super
881 4182 1497 4232 armamentarium.
1576 4183 1634 4230 ln
1674 4181 1879 4231 diesem
1922 4180 2085 4232 Sinne
2122 4183 2329 4232 kommt
2361 4194 2515 4248 super
2553 4181 2659 4230 wie

117 4267 278 4318 supra
335 4265 442 4302 nur
477 4253 600 4304 sehr
635 4253 807 4302 selten
849 4251 962 4300 und
996 4265 1098 4299 nur
1135 4251 1190 4299 in
1227 4249 1643 4300 Schriststellern
1684 4262 1783 4299 aus
1817 4249 1914 4298 der
1951 4250 2241 4301 Kaiserzelt
2276 4263 2387 4299 vor
2464 4250 2534 4298 So
2572 4247 2656 4298 bei

119 4321 344 4371 Sueton.
383 4320 560 4371 Claud.
602 4317 663 4370 2:
703 4318 1206 4385 superiumentarius.
1281 4319 1429 4369 Auch
1465 4332 1506 4367 s,
1545 4328 1610 4366 zu
1646 4317 1703 4366 C.
1734 4312 1789 4394 6,
1820 4312 1901 4378 41,
1940 4313 1987 4368 3.
2031 4344 2093 4354 --
2137 4313 2191 4376 6,
2220 4311 2308 4377 96,
2342 4313 2427 4366 93.
2489 4314 2658 4363 Cor—

115 4387 578 4516 pusfiquibanqtfii.
597 4381 985 4531 {nexili-aii:
1021 4374 1676 4514 linezustslssfslwazvuaga'z
1692 4383 1765 4502 7i
1806 4479 1862 4488 --
1918 4449 1965 4513 6,
2002 4391 2090 4510 987,
2124 4447 2210 4498 98.
2262 4447 2435 4497 Απ-
2453 4463 2555 4499 an.
2606 4450 2657 4497 S.

121 4538 182 4573 zu
223 4521 273 4585 8,
291 4491 408 4582 93,
442 4519 526 4574 95.
572 4548 627 4558 -
669 4520 1137 4592 pervenirent.
1183 4521 1263 4570 F.:
1303 4519 1611 4598 perveniret,
1680 4521 1853 4572 Wenn
1893 4518 1989 4568 der
2022 4517 2245 4568 Pluralis
2281 4516 2415 4565 auch
2456 4517 2527 4564 im
2561 4515 2659 4564 ‘of-

123 4591 384 4642 [enbaren
419 4585 809 4654 Widerspru‘ch
843 4591 940 4638 mit
988 4589 1086 4637 der
1144 4586 1336 4650 obigen
1374 4583 1668 4650 Erzalilung
1717 4602 1782 4636 zu
1832 4587 2022 4638 stenen
2075 4585 2296 4642 senciat,
2350 4595 2411 4634 so
2461 4583 2661 4632 konnte

123 4659 263 4710 doch
303 4659 608 4709 Alexander
645 4659 772 4708 sehr
805 4655 942 4706 wohl
983 4656 1070 4706 die
1107 4655 1270 4718 Frage
1307 4656 1452 4704 thun
1502 4681 1565 4688 -
1605 4651 1657 4713 b,
1695 4651 1781 4713 97,
1818 4651 1898 4706 30.
1938 4645 2245 4700 Subinde.
2286 4622 2381 4700 bie
2420 4651 2661 4701 Anwen-

123 4727 266 4790 dung
286 4727 450 4790 hangt
471 4727 574 4775 -mit
597 4726 719 4774 dem
753 4739 818 4774 zu
853 4723 906 4782 5,
935 4720 1108 4785 91,19
1133 4725 1432 4772 erorterten
1456 4721 1737 4784 Gebraueh
1766 4735 1869 4772 von
1894 4717 1985 4767 sub
2011 4730 2348 4779 zusammen3
2388 4731 2447 4770 es
2470 4719 2661 4769 heisst:

125 4793 479 4844 unmittelhar
515 4793 722 4856 darauf,
763 4757 1018 4842 darn'ffach
1091 4791 1263 4854 Vei-gl.
1304 4788 1352 4851 7,
1386 4786 1468 4851 39,
1504 4771 1585 4838 36.
2128 4851 2264 4914 13*
