2975 5350
201 391 232 410 ²
785 374 897 438 lv,
939 372 1248 440 XXXIX.
1284 378 1500 442 5-7,
1542 376 1680 441 XL.
1725 381 1859 443 8-
1881 382 1977 443 17.
2295 382 2300 389 ’
2529 380 2648 445 lot

16 549 473 627 assequutus
514 562 727 623 agmen
766 544 1185 623 refugientium
1229 547 1307 607 ad
1350 566 1498 609 suos
1512 592 1536 626 ,,
1571 544 1726 608 alios
1770 546 2018 624 cecidit,
2059 546 2216 611 alios
2245 548 2436 628 cepit:
2477 550 2648 630 equi-

16 648 313 723 tesque
360 638 675 721 praemisit
716 638 1120 721 speculatum,
1166 642 1347 704 simul
1385 649 1453 703 ut
1492 640 1692 722 ignem
1709 690 1726 718 ,
1771 664 1894 725 quo
1942 643 2186 707 barbari
2231 654 2646 709 cremaverant

17 739 283 813 vicos»,
334 736 800 815 extinguerent„
847 731 1161 817 ¹²Quippe
1180 739 1477 818 fugientes
1507 738 1722 817 raptim
1754 740 1930 801 tectis
1965 740 2318 822 acervisque
2357 741 2643 803 frumenti

20 836 437 896 iniecerant
480 832 743 893 flammas
756 879 773 908 ,
832 850 985 911 quae
1034 854 1220 914 quum
1262 835 1324 895 in
1369 854 1608 897 summo
1646 835 2006 912 haesissent3
2050 838 2128 897 ad
2163 836 2452 899 inferiora
2492 858 2640 901 non-

28 932 231 992 dum
281 934 770 1008 penetraverant.
851 921 1198 991 ¹³Extincto
1236 931 1425 1010 igitur
1462 932 1620 1011 igne,
1663 931 1987 1012 plurimum
2019 932 2305 995 frumenti
2335 940 2642 1012 repertum

32 1034 163 1088 est
184 1052 203 1087 z
282 1023 475 1104 copia
536 1023 787 1085 aliarum
841 1044 1085 1105 quoque
1140 1044 1342 1088 rerum
1403 1028 1714 1089 abundare
1775 1034 2124 1107 coeperunt.
2211 1030 2300 1091 Ea
2358 1048 2458 1090 res
2507 1028 2642 1109 ipsa

28 1124 275 1185 militi
316 1121 399 1182 ad
438 1121 923 1201 persequendum
961 1122 1197 1183 hostem
1244 1124 1508 1185 animum
1557 1124 1847 1197 incendit;
1903 1124 2130 1206 quippe
2165 1130 2378 1187 urente
2427 1131 2488 1187 et
2528 1144 2642 1205 po-

32 1221 357 1301 pulante
398 1236 475 1279 eo
516 1222 737 1276 terram
750 1264 767 1292 ‚
821 1217 1223 1279 festinandum
1282 1226 1435 1296 erat,
1488 1239 1568 1281 ne
1623 1220 1906 1283 incendio
1971 1228 2187 1283 cuncta
2241 1221 2638 1301 praeciperet.

35 1315 105 1361 ¹4
156 1319 255 1379 In
287 1315 589 1377 rationem
634 1333 782 1393 ergo
822 1314 1153 1376 necessitas
1192 1332 1368 1376 versa
1410 1322 1530 1386 est;
1571 1315 1800 1395 quippe
1835 1316 2134 1395 Mazaeus,
2181 1316 2282 1396 qui
2322 1324 2500 1379 antea
2523 1336 2638 1397 per

42 1416 291 1477 otium
322 1412 511 1473 vicos
558 1409 939 1485 incenderat,
996 1412 1113 1473 iam
1160 1411 1371 1489 fugere
1416 1418 1764 1488 contentuS,
1823 1411 2110 1493 pleraque
2149 1412 2434 1475 inviolata
2475 1414 2636 1475 hosti

38 1508 367 1592 reliquit.
432 1502 483 1545 ¹⁵
497 1505 845 1567 Alexander
886 1506 1045 1567 haud
1086 1506 1327 1587 longius
1372 1514 1612 1570 centum
1654 1508 2084 1589 quinquaginta
2119 1509 2326 1571 stadiis
2365 1510 2633 1573 Dareum

44 1628 93 1668 a
119 1626 213 1667 se
248 1604 473 1665 abesse
498 1607 895 1682 compererat.
950 1604 1159 1683 Itaque
1179 1603 1255 1665 ad
1302 1603 1634 1667 satietatem
1675 1624 1918 1685 quoque
1967 1604 2140 1686 copia
2186 1612 2632 1671 commeatuum

42 1706 455 1774 instructus,
495 1699 815 1781 quatriduo
850 1699 911 1761 in
942 1698 1172 1763 'eodem
1214 1700 1355 1763 loco
1394 1700 1674 1763 substitit.

241 1792 301 1835 *ὅ
314 1798 686 1877 Interceptae
726 1794 943 1857 deinde
983 1796 1169 1857 Darei
1215 1796 1451 1860 litterae
1491 1803 1648 1872 sunt,
1689 1796 1910 1877 quibus
1957 1798 2161 1876 graeci
2203 1798 2418 1859 milites
2462 1798 2630 1861 solli-

48 1896 483 1968 citabantur,
532 1898 597 1951 ut
645 1910 849 1972 regem
894 1892 1297 1953 interficerent
1335 1899 1440 1954 aut
1480 1892 1840 1973 proderent:
1904 1893 2313 1975 dubitavitque
2327 1943 2345 1971 ‚
2408 1914 2484 1955 an
2527 1914 2628 1957 eas

48 2014 211 2075 pro
263 1988 563 2051 concione
604 1989 911 2065 recitaret,
968 1988 1113 2049 satis
1156 1989 1423 2049 confisus
1460 1988 1840 2049 Graecorum
1885 2009 2128 2071 quoque
2172 2009 2316 2068 erga
2355 2009 2420 2051 se
2461 1990 2630 2051 beni-

48 2086 403 2153 volentiae
439 2105 511 2147 ac
552 2084 707 2149 fidei.
778 2080 967 2147 ¹''Sed
1005 2082 1322 2145 Parmenio
1366 2083 1672 2161 deterruit,
1715 2102 1838 2145 non
1883 2104 2016 2147 esse
2058 2084 2276 2147 talibus
2315 2084 2628 2165 promissis

56 2328 126 2375 in
175 2324 343 2373 ihrer
378 2320 756 2385 Besangenheit
788 2321 863 2371 im
909 2319 1145 2370 salschen
1191 2319 1375 2369 Lichte
1422 2319 1684 2383 erschien‚
1747 2319 2000 2373 machten
2051 2320 2130 2371 sie
2183 2320 2340 2370 einen
2392 2320 2626 2373 (alschen

58 2392 341 2445 Schluss.
412 2389 586 2453 Vergl.
626 2386 677 2451 9,
712 2385 794 2451 34,
834 2385 883 2438 2.
923 2383 1003 2450 10,
1049 2382 1129 2451 16,
1172 2384 1249 2437 13.
1288 2382 1339 2449 4,
1376 2382 1459 2448 49,
1501 2384 1581 2437 25.

230 2476 288 2543 4,
324 2476 409 2543 40,
444 2478 525 2533 11.
597 2477 1048 2546 speculatum.
1116 2478 1194 2529 F.:
1247 2477 1402 2529 simul
1443 2476 1775 2546 speculatum.
1846 2478 2027 2530 Dutch
2083 2478 2170 2529 die
2221 2478 2628 2545 wiederholung

62 2554 183 2603 der
206 2548 449 2600 Partikel
482 2548 622 2599 wird
656 2548 743 2598 die
768 2546 1149 2610 Lebendigkeit
1182 2546 1281 2597 der
1300 2548 1639 2611 Dar-stellung
1673 2548 1892 2597 erhoht:
1931 2560 2066 2611 ganz
2101 2546 2292 2613 analog
2319 2548 2468 2599 Caes.
2505 2547 2623 2599 bell.

64 2620 203 2685 gall.
247 2612 300 2679 4,
342 2612 430 2665 13:
488 2615 733 2666 Germani
767 2614 1055 2681 frequentes
1091 2613 1163 2663 ad
1195 2630 1305 2665 cum
1341 2614 1398 2663 in
1432 2622 1611 2663 castra
1646 2620 1907 2673 eenmnt,
1946 2612 2144 2664 simul
2161 2640 2217 2650 -
2242 2615 2324 2664 sui
2366 2614 2628 2682 purgandi

65 2701 381 2745 causa—‚
415 2682 619 2733 simul
652 2688 724 2746 ut,
764 2683 809 2731 ai
848 2681 973 2749 quid
994 2689 1214 2749 possent,
1266 2682 1329 2731 de
1365 2680 1584 2732 induciis
1615 2681 1846 2745 fallendo
1884 2680 2233 2748 impetrarent.
2315 2683 2496 2732 Durcb
2527 2683 2626 2734 das

66 2755 347 2808 cintache
373 2749 527 2800 annal
570 2753 810 2816 dagegen
845 2750 984 2800 wird
1022 2751 1121 2800 der
1150 2750 1433 2801 Ausdruck
1483 2749 1582 2800 des
1619 2750 1937 2799 Gedankens
1983 2748 2246 2800 schrofi'er
2277 2751 2388 2800 und
2427 2751 2628 2812 pikan-

68 2830 189 2885 ter,
254 2821 376 2871 und
412 2833 471 2870 es
511 2820 688 2884 eignet
726 2819 843 2870 sich
880 2817 1049 2869 daher
1084 2818 1233 2869 diese
1272 2816 1550 2882 wendung
1590 2815 1892 2866 besonders
1948 2815 2106 2874 datu,
2158 2817 2394 2866 einzelne
2428 2819 2628 2868 notive

68 2889 345 2944 schal-fer
377 2885 829 2939 hervorzuheben.
872 2885 1045 2950 Vergl.
1088 2898 1153 2936 zu
1190 2881 1238 2947 9,
1281 2883 1325 2946 1,
1368 2881 1415 2934 3.

233 2974 289 3039 4,
331 2973 423 3038 40,
463 2975 543 3028 13.
618 2976 925 3028 Animum
956 2974 1294 3026 incendit.
1364 2975 1413 3024 S.
1457 2971 1510 3034 7,
1551 2969 1638 3034 41,
1673 2967 1733 3020 6:
1787 2986 1920 3038 quae
1958 2971 2200 3022 nuntiata
2234 2984 2266 3018 r
2325 2968 2627 3018 i—-accen-

70 3049 215 3100 dere
255 3046 501 3096 animum.
557 3047 665 3096 Liv.
706 3041 789 3107 44,
830 3042 878 3107 3,
910 3041 970 3094 8:
1028 3058 1159 3110 qnae
1195 3058 1278 3090 res
1314 3039 1551 3092 accendit
1600 3037 1756 3090 militi
1806 3039 2019 3090 animos.
2071 3037 2125 3099 2,
2162 3033 2251 3098 47,
2339 3052 2350 3086 :
2416 3035 2632 3088 duorum

74 3113 373 3168 cumulum
406 3114 614 3180 cognita
651 3128 748 3162 ora
787 3111 1071 3162 accendunt
1104 3108 1325 3160 militum
1360 3107 1570 3159 animos.
1627 3103 1714 3166 23,
1753 3104 1837 3168 18,
1875 3105 1909 3155 7
1922 3123 1939 3155 .·
1976 3108 2196 3158 omnium
2231 3102 2391 3157 animi
2427 3103 2500 3154 ad
2531 3121 2642 3172 op-⁴

68 3181 432 3302 Ξυςᾶιαὲᾰυω
468 3179 829 3232 accenduntur.
866 3181 920 3232 S.
960 3193 1027 3229 zu
1067 3174 1115 3243 4,
1151 3175 1233 3240 28,
1272 3173 1355 3227 24.
1400 3203 1458 3214 --
1498 3173 1950 3243 praeciperet.
1989 3175 2066 3225 R:
2101 3173 2438 3244 praeriperet.
2478 3175 2528 3224 S.
2561 3187 2629 3224 zu

234 3339 289 3405 4,
307 3335 394 3404 40,
415 3335 495 3408 1,4.
540 3337 748 3392 Versa
794 3345 911 3388 ese.
946 3337 1025 3388 [ἧς
1070 3351 1238 3386 versa.
1275 3337 1435 3388 Diese
1450 3337 1629 3386 worte
1679 3335 1894 3387 konnen
1910 3348 2012 3384 nur
2041 3333 2362 3386 ausMazaus
2387 3332 2631 3398 bezogen

80 3411 351 3471 werden,
377 3409 573 3459 dessen
589 3408 785 3470 Flucht,
814 3408 899 3458 die
920 3407 1036 3456 eine
1052 3403 1513 3468 Nothwendigkeit
1535 3401 1826 3466 geworden
1857 3413 1989 3461 war,
2011 3401 2299 3466 gleichsam
2325 3399 2402 3452 als
2420 3401 2630 3452 vorbo-

83 3481 332 3532 dachter
354 3477 480 3536 Plan
504 3477 763 3528 erschien.
793 3500 855 3510 —-
882 3469 933 3536 4,
967 3468 1054 3532 40,
1079 3467 1157 3522 15.
1198 3469 1248 3520 Α
1285 3486 1356 3520 se
1407 3485 1508 3522 vor
1559 3467 1735 3519 abesse
1785 3468 1912 3519 fehlt
1951 3470 2037 3520 bei
2087 3471 2139 3522 F.
2180 3497 2242 3506 -
2286 3467 2373 3518 ad
2402 3468 2650 3518 satie-1

85 3555 332 3598 tatem.
391 3546 441 3593 S.
493 3545 598 3594 Liv.
636 3537 689 3604 8,
724 3539 771 3604 7,
809 3536 855 3590 6.
901 3539 975 3590 ad
1001 3539 1291 3588 satietatem
1327 3545 1553 3588 vestram
1579 3535 1928 3604 puqnavimus.
1993 3539 2168 3600 Vergl.
2205 3551 2272 3586 zu
2305 3531 2353 3597 6,
2387 3533 2438 3595 5,
2473 3533 2522 3586 5.
2568 3561 2625 3571 —

85 3631 227 3683 quo
250 3627 386 3679 quc
438 3611 528 3660 hat
570 3609 661 3660 bei
702 3609 916 3660 Curtius
954 3605 1383 3658 vorherrschend
1421 3606 1509 3656 die
1556 3604 1862 3669 steigernde
1901 3604 2243 3670 Bedeutung:
2305 3601 2494 3664 selbst,
2527 3616 2632 3654 so-

84 3699 216 3750 gar,
260 3678 407 3730 auch
444 3678 597 3742 noch,
631 3677 736 3730 fast
769 3677 961 3728 immet
999 3675 1058 3732 (a.
1088 3687 1152 3723 zu
1176 3669 1228 3733 6,
1248 3671 1329 3736 20,
1356 3671 1406 3736 5)
1444 3673 1544 3723 mit
1579 3677 1824 3736 strenger
1858 3671 2156 3736 Beziehung
2190 3670 2285 3721 aur
2316 3671 2414 3722 das
2441 3666 2633 3722 nach'st

85 3746 553 3812 vornergehende
592 3747 750 3794 wort.
826 3744 899 3792 So
944 3747 1047 3792 tum
1081 3757 1177 3808 quo
1214 3757 1277 3790 ue
1313 3737 1363 3803 6,
1403 3737 1482 3798 16,
1524 3737 1606 3800 17,
1664 3745 1784 3788 tunc
1825 3752 2021 3804 quoque
2058 3735 2111 3797 7,
2154 3737 2200 3798 1,
2239 3735 2291 3795 7,
2326 3737 2462 3788 nnnc
2499 3752 2630 3800 quo—

91 3835 201 3886 que
252 3813 303 3878 4,
345 3809 430 3874 41,
465 3809 546 3863 23.
595 3808 643 3874 7,
679 3807 766 3871 28,
802 3805 884 3859 27.
948 3811 997 3860 S.
1051 3805 1104 3870 6,
1210 3844 1227 3868 ,
1264 3805 1358 3858 3οε
1411 3813 1470 3857 ut
1509 3805 1600 3854 tibi
1634 3804 1968 3855 Macedonum
2015 3818 2171 3868 regno
2210 3802 2412 3868 dignior
2449 3799 2632 3850 Philo-

94 3894 185 3936 tas
229 3898 327 3934 me
363 3895 621 3947 quoque
656 3877 800 3946 ipso
839 3875 1110 3927 videretur.
1166 3873 1220 3935 7,
1261 3871 1344 3933 16,
1389 3871 1468 3923 19.
1507 3871 1561 3931 7,
1599 3866 1653 3931 4,
1687 3867 1771 3919 26.

248 3969 303 4030 4,
336 3966 424 4029 40,
463 3967 540 4020 16.
614 3966 743 4017 Pro
778 3968 1137 4026 concion-c,
1172 3965 1277 4014 wie
1312 3960 1367 4023 9,
1408 3960 1453 4023 1,
1501 3959 1544 4011 1.
1590 3957 1674 4020 10,
1713 3955 1794 4020 15,
1838 3953 1915 4008 10.
1956 3957 2065 4008 Liv.
2101 3953 2150 4019 7,
2184 3955 2270 4018 10,
2308 3953 2387 4010 14.
2423 3959 2632 4012 Sallust.

98 4046 229 4104 lug.
268 4035 327 4097 8,
360 4035 406 4086 2.
478 4039 587 4087 Der
619 4037 1024 4100 ursprungliche
1056 4032 1169 4084 und
1206 4035 1390 4094 streng
1425 4041 1743 4093 genommen
1783 4025 1935 4076 allein
1967 4025 2192 4090 richtige
2217 4027 2500 4082 Gebrauch
2537 4028 2636 4080 des

99 4105 429 4159 Ausdrucks
471 4120 569 4170 pro
610 4103 851 4154 concione
888 4101 1055 4152 findet
1101 4100 1217 4152 sich
1260 4113 1304 4149 z.
1344 4099 1400 4150 B.
1435 4097 1556 4147 Sall.
1589 4097 1698 4160 lug.
1736 4091 1787 4156 8,
1826 4089 1890 4142 2:
1925 4091 2098 4161 Scipio
2119 4093 2436 4147 -donatam
2483 4102 2638 4162 atquc

102 4172 387 4226 laudatum
427 4171 699 4237 mynifice
743 4186 870 4238 pro
917 4168 1236 4220 concione
1282 4163 1585 4232 Iugurtham
1634 4165 1694 4216 in
1724 4161 2046 4229 praetorium
2097 4161 2331 4226 abdon-it,
2392 4177 2479 4217 wo
2525 4167 2632 4229 lug.

99 4241 406 4309 gleichsam
446 4252 547 4289 vor
598 4239 696 4298 der
714 4239 925 4288 ,Fronte
962 4237 1059 4290 des
1094 4237 1297 4288 Heeres
1336 4233 1566 4287 stehend
1609 4231 1841 4298 gedacht
1873 4232 1955 4284 ist.
2033 4233 2172 4284 Dass
2215 4233 2302 4284 die
2342 4233 2640 4284 Redensart

102 4308 315 4362 darauf
354 4308 475 4358 eine
524 4307 833 4370 allgemeine
869 4305 1169 4367 Beziehung
1208 4303 1407 4362 evhion,
1458 4301 1592 4352 oder
1639 4299 1912 4362 vielmehr,
1969 4300 2098 4352 dass
2141 4303 2220 4352 sie
2267 4301 2346 4351 oft
2388 4311 2638 4364 ungenau

105 4380 195 4428 mr
232 4378 293 4426 in
332 4375 575 4425 concione
608 4373 907 4438 gebraucht
940 4372 1143 4434 wurde,
1186 4372 1326 4422 kann
1356 4371 1508 4424 nicht
1531 4367 1816 4420 auffallend
1845 4368 1976 4418 sein.

254 4460 429 4545 4,.40,
470 4462 553 4515 17.
596 4459 1037 4544 Ἰφὸαεπάαε
1088 4476 1313 4542 afferes.
1388 4461 1437 4508 S.
1480 4461 1643 4539 ssacit.
1685 4459 1804 4510 hist.
1839 4454 1892 4518 4,
1943 4455 2006 4505 7;
2064 4455 2282 4536 bematis
2330 4449 2640 4530 santonibus

108 4527 1431 4663 iiss‘ssissffissg‘ffffissssss‘issmssensssstdiibfflssffn3¹5>
1462 4519 2642 4651 Zissinaffissffl‘*issssssd‘i‘ssvssvfflu-i’ssgffl‘52¹3

109 4670 261 4722 σαν-ιε’
300 4669 451 4719 nicht
497 4667 682 4718 seiten.
756 4667 828 4716 So
867 4679 1019 4714 aurea
1054 4661 1277 4730 pavidae
1312 4659 1366 4720 9,
1407 4659 1494 4720 30,
1533 4657 1580 4710 6.
1628 4658 1890 4776 &opitius
1925 4653 1980 4714 9,
2020 4653 2104 4714 12,
2140 4651 2188 4703 6.
2237 4652 2422 4718 faciles
2455 4649 2510 4714 Θ,
2551 4649 2640 4714 23,

109 4735 196 4795 24.
242 4751 443 4802 aequae
472 4733 529 4793 8,
565 4731 651 4795 20,
686 4731 771 4784 20.
813 4729 1054 4784 credulae
1089 4727 1143 4792 7,
1181 4727 1261 4790 10,
1297 4727 1505 4787 3210,
1543 4724 1596 4786 4,
1705 4761 1720 4774 .
1767 4723 1958 4774 surdae
1995 4720 2052 4792 6,¹
2089 4717 2176 4800 42,
2223 4721 2303 4774 15.
2353 4720 2405 4784 9,
2437 4719 2516 4784 10,
2556 4719 2638 4772 30.

110 4803 169 4868 9,
212 4800 299 4867 40,
336 4799 417 4855 16.
464 4800 679 4854 clausae
709 4797 765 4862 8,
796 4797 852 4862 5,
888 4795 971 4850 49.
1018 4797 1303 4866 adapertae
1339 4795 1411 4848 ad
1447 4821 1504 4836 -·-
1549 4793 1600 4856 9,
1634 4789 1726 4852 29,
1763 4788 1850 4845 24.
1904 4803 2056 4842 aures
2082 4790 2341 4856 nunnoni
2378 4789 2546 4856 iurgio
2585 4786 2642 4848 6,

2938 258 2943 453 ,,,,,,.
2917 0 2941 203 -ῌ-ῌμᾼ
