2975 5350
207 360 355 422 vn.
378 358 681 421 XXXVI.
705 362 828 422 5-8.
861 358 1190 425 xxxvu.
1207 353 1376 425 '9-16.
1395 360 1760 426 xxxviii.
1786 367 1988 428 17-22.
2020 366 2328 433 XXXIX.
2352 373 2405 432 1.
2423 374 2478 432 2.
2522 368 2649 433 245

276 529 644 591 XXXVIII.
741 524 974 590 ¹⁷·Haec
1034 530 1340 609 expeditio
1395 532 1771 593 deficientem
1827 554 2040 614 magna
2090 556 2163 595 ex
2218 543 2389 615 parte
2438 537 2643 599 Asiam

91 630 264 687 fama
285 633 408 689 tam
434 631 816 704 opportunae
839 625 1132 687 victoriae
1173 628 1421 688 domuit.
1487 629 1751 691 Invictos
1780 632 2037 710 Scythas
2064 652 2201 695 esse
2234 633 2641 706 crediderant;

91 724 334 806 quibus
371 722 580 783 fractis
621 721 850 783 nullam
895 728 1130 801 gentem
1181 724 1585 786 Macedonum
1628 728 1807 789 armis
1845 748 2054 807 parem
2096 730 2229 789 fore
2271 730 2635 791 >confiteban-

92 827 212 883 tur.
311 821 520 900 ltaque
561 818 752 881 Sacae
815 816 1032 880 misere
1079 818 1312 896 legatos
1329 869 1344 895 ,
1407 822 1509 901 qui
1560 822 2023 901 pollicerentur,
2067 831 2303 904 gentem
2351 827 2639 906 imperata

93 920 422 979 facturam.
505 908 560 953 ¹⁸
581 912 856 975 Moverat
898 934 1006 977 eos
1044 914 1202 992 regis
1255 936 1380 977 non
1436 918 1626 980 virtus
1678 920 1871 999 magis
1890 971 1905 996 ,
1968 942 2147 1003 quam
2204 923 2518 986 clementia
2575 926 2634 987 in

95 1014 390 1076 devictos
411 1012 702 1089 Scythas:
747 1011 976 1092 quippe
1001 1011 1272 1089 captivos
1313 1032 1525 1075 omnes
1564 1016 1694 1083 sine
1736 1018 1935 1096 pretio
1975 1019 2301 1094 remiserat,
2348 1027 2413 1080 ut
2456 1022 2635 1081 fidem

93 1112 364 1184 faceret,
411 1107 526 1169 sibi
567 1128 704 1168 cum
749 1107 1140 1170 ferocissimis
1183 1110 1448 1188 gentium
1492 1112 1571 1171 de
1615 1114 1998 1191 fortitudine,
2049 1134 2171 1179 non
2216 1114 2291 1175 de
2322 1116 2411 1176 ira
2447 1118 2635 1179 fuisse

94 1214 434 1269 certamen.
512 1199 564 1243 ¹⁹
577 1205 846 1283 Benigne
894 1204 1078 1284 igitur
1121 1206 1388 1284 exceptis
1429 1208 1719 1271 Sacarum
1759 1210 2005 1290 legatiS,
2066 1211 2343 1273 comitem
2392 1214 2636 1292 Excipi-

93 1324 218 1367 non
271 1303 468 1377 dedit,
525 1301 722 1363 adhuc
765 1301 1088 1363 admodum
1133 1303 1406 1363 iuvenem
1451 1306 1661 1367 aetatis
1706 1307 1857 1368 flore
1896 1308 2278 1370 conciliatum
2320 1310 2465 1385 sibi,
2527 1311 2631 1390 qui

93 1422 286 1482 quum
359 1398 566 1478 specie
623 1398 904 1477 corporis
951 1405 1236 1480 aequaret
1293 1401 1827 1480 Hephaestionem,
1898 1406 1955 1467 ei
2003 1406 2215 1484 lepore
2274 1406 2433 1467 haud
2486 1426 2631 1467 sane

93 1498 258 1559 virili
281 1518 412 1585 ‘par
451 1516 576 1557 non
619 1504 764 1558 erat.
833 1491 1058 1574 ²⁰Ipse,
1104 1498 1358 1557 Cratero
1402 1517 1541 1557 cum
1588 1500 1815 1560 maiore
1854 1508 2029 1578 parte
2080 1502 2377 1564 exercitus
2439 1504 2631 1565 modi-

95 1596 180 1656 cis
221 1592 548 1655 itineribus
585 1593 759 1672 sequi
801 1592 986 1667 iusso,
1027 1593 1104 1653 ad
1147 1593 1510 1655 Maracanda
1553 1596 1763 1657 urbem
1807 1598 2109 1676 pervenit,
2154 1617 2229 1658 ex
2272 1619 2389 1680 qua
2434 1600 2631 1679 Spita-

93 1711 346 1765 menes»,
399 1695 711 1767 comperto
755 1688 882 1749 eius
923 1689 1208 1763 adventu,
1263 1691 1483 1751 Bactra
1534 1686 1899 1772 perfugerat.
1966 1689 2251 1774 ,²¹Itaque
2306 1696 2627 1775 quatriduo

95 1810 202 1849 rex
225 1787 488 1866 longum
521 1785 758 1846 'itineris
795 1786 1055 1865 spatium
1099 1806 1374 1849 emensus
1421 1794 1781 1871 pervenerat
1820 1790 1883 1850 in
1926 1808 2062 1851 eum
2100 1787 2324 1865 locum,
2369 1784 2441 1852 ‘in
2482 1812 2621 1871 quo,

97 1885 468 1946 Menedemo
517 1884 707 1957 duce,
767 1883 820 1944 11
875 1883 1038 1943 milia
1090 1882 1360 1961 peditum
1419 1888 1480 1945 et
1518 1883 1677 1953 CCC
1732 1887 1963 1965 equites
2014 1886 2307 1950 amiserat.
2393 1889 2627 1949 Horum

96 2002 238 2043 ossa
257 1981 501 2042 tumulo
529 1978 768 2058 contegi
809 1978 982 2041 iussit
1021 1985 1084 2040 et
1120 1977 1361 2043 inferias
1399 1999 1571 2040 more
1614 1980 1813 2058 patr'io
1856 1981 2036 2047 dedit.
2102 1977 2157 2021 ²²
2171 1984 2293 2043 Iam
2338 1982 2625 2047 Craterus

96 2068 238 2141 cum
285 2077 586 2157 phalange
629 2075 916 2156 subsequi
957 2074 1158 2137 iussus
1200 2076 1278 2137 ad
1322 2096 1525 2155 regem
1569 2083 1939 2155 pervenerat.
2024 2079 2229 2158 Itaque
2274 2086 2343 2141 ut
2394 2099 2627 2155 omnes»,

97 2178 196 2257 qui
245 2176 626 2249 defecerant,
685 2170 912 2251 pariter
955 2169 1096 2231 belli
1142 2171 1314 2233 clade
1375 2178 1823 2253 premerentur,
1848 2234 1857 2242 ,
1880 2175 2091 2254 copias
2136 2175 2344 2241 dividit
2405 2177 2623 2258 urique

97 2292 284 2353 agros
329 2278 392 2333 et
433 2268 690 2333 interfici
736 2268 996 2346 puberes
1041 2268 1228 2329 iussit.

271 2367 592 2429 XXXIX.
687 2360 1084 2443 '‘Asogdiana
1121 2366 1292 2445 regio
1336 2366 1563 2429 maiore
1606 2362 1694 2427 ex'
1735 2374 1907 2447 parte
1968 2369 2205 2433 deserta
2261 2376 2379 2431 est:
2434 2372 2625 2431 octin-

97 2471 282 2545 genta
323 2466 454 2524 fere
495 2464 686 2525 stadia
723 2464 784 2523 in
821 2461 1194 2523 latitudinem
1239 2469 1440 2523 vastae
1485 2463 1843 2527 solitudines
1887 2471 2103 2527 tenent.
2190 2460 2447 2547 ²1ngens
2489 2488 2621 2549 spa-

99 2564 246 2625 tium
291 2566 498 2623 rectae
539 2558 802 2639 regionis
841 2565 960 2637 est,
998 2578 1110 2637 per
1147 2579 1325 2639 quam
1375 2561 1597 2637 amniS,
1640 2560 2063 2640 Polytimetum
2102 2573 2323 2625 vocant
2366 2566 2619 2643 incolae,

239 2747 288 2810 7,
327 2743 415 2808 38,
461 2745 542 2798 17.
616 2745 844 2796 Sacae.
880 2748 934 2798 S.
974 2759 1042 2796 zu
1071 2743 1120 2805 5,
1155 2742 1236 2809 26,
1273 2743 1322 2796 5.
1367 2773 1429 2783 *-
1469 2746 1821 2813 imperata.
1884 2747 1968 2797 F.:
2021 2745 2280 2798 mandata.
2352 2749 2513 2799 Jenes
2550 2751 2623 2800 ist

98 2819 198 2868 der
236 2815 604 2881 gewohnliche
639 2814 920 2865 Ausdruck
972 2815 1024 2862 in
1062 2813 1523 2876 entsprechenden
1558 2815 1749 2873 Falien,
1803 2827 1887 2863 wo
1940 2815 2025 2862 ein
2068 2815 2416 2866 entsehieden
2468 2820 2642 2866 star—·

97 2888 194 2935 ker
231 2883 725 2934 Wiiiensausdruck
761 2882 1106 2932 erforderiich
1145 2882 1343 2940 schien.
1419 2883 1491 2930 So
1530 2879 1583 2941 5,
1629 2878 1707 2943 16,
1739 2879 1817 2930 11.
1869 2878 1921 2940 7,
1950 2876 2037 2939 26,
2077 2879 2155 2930 11.
2212 2879 2266 2941 8,
2300 2882 2344 2944 1,
2377 2881 2425 2932 2.
2475 2881 2528 2943 8,
2572 2882 2617 2946 1,

95 2949 140 3003 8.
185 2949 238 3013 8,
276 2947 360 3016 34,
403 2949 448 3000 1.
521 2951 671 3000 Aueh
701 2949 862 3013 vergi.
899 2947 952 3009 7,
990 2947 1068 3010 17,
1103 2946 1186 2998 20.
1223 2944 1274 3010 4,
1319 2950 1359 3009 i,
1395 2946 1440 2998 5.
1492 2946 1541 3010 5,
1578 2946 1661 3010 27,
1706 2946 1780 2998 17.
1860 2946 2115 2998 Mandata
2160 2951 2347 3000 wurde
2398 2952 2452 2999 in
2494 2951 2621 3002 dem

97 3024 230 3072 Sinu
261 3034 332 3070 zu
369 3019 600 3069 nehmen
633 3020 766 3080 sein,
805 3019 932 3068 dass
973 3017 1268 3068 Alexander
1302 3017 1390 3066 die
1430 3017 1869 3080 Ueherbringung
1906 3017 2083 3068 seiner
2116 3017 2327 3070 Befehie
2364 3019 2470 3070 den
2503 3021 2619 3070 Ge·-

97 3089 332 3142 sandten
371 3087 717 3152 ausgetragen
761 3085 916 3136 habe.

235 3176 286 3241 7,
329 3175 412 3239 38,
451 3175 529 3228 19.
601 3175 841 3226 Adhuc
882 3176 1008 3226 fehlt
1045 3174 1132 3225 bei
1171 3175 1225 3226 F.
1263 3201 1324 3210 —
1365 3174 1597 3241 specie
1635 3175 1974 3241 corporis,
2040 3177 2090 3225 S.
2127 3173 2180 3236 8,
2224 3174 2301 3240 16,
2342 3176 2429 3231 23.
2468 3175 2521 3238 9,
2560 3176 2616 3229 5»
2672 3174 2681 3182 '

94 3245 176 3298 26.
217 3245 265 3309 9,
303 3244 358 3306 5,
395 3243 478 3296 28.
551 3246 660 3296 Der
693 3245 975 3296 Ausdruck
1026 3243 1254 3292 umfasst
1296 3245 1348 3293 in
1390 3244 1567 3294 dieser
1603 3242 1941 3306 Verbindung
1992 3244 2089 3294 alle
2147 3245 2233 3296 die
2268 3247 2621 3310 Eigenschas-

97 3321 206 3377 ten,
278 3315 454 3364 durch
511 3314 712 3364 welche
761 3313 877 3364 sich
941 3311 1028 3361 die
1091 3317 1312 3362 {iussere
1363 3311 1729 3375 Erscheiuung
1788 3312 1935 3362 eines
1986 3311 2273 3364 Menschen
2332 3315 2621 3378 empfiehit.

95 3385 215 3433 Von
251 3382 580 3445 Hephaistion
621 3395 662 3431 s.
696 3378 743 3441 3,
783 3377 869 3440 31,
913 3374 992 3428 16.
1031 3405 1086 3414 —
1131 3378 1191 3426 ei
1231 3377 1265 3426 l.
1307 3377 1357 3427 Ιι.
1398 3394 1438 3427 s.
1479 3377 1688 3428 virili
1719 3395 1843 3445 par
1878 3393 2009 3428 non
2048 3388 2219 3434 erat.
2278 3383 2357 3431 F.:
2416 3381 2447 3433 l.
2488 3382 2537 3432 Ιι.
2578 3399 2620 3434 s.

97 3449 183 3500 illi
214 3467 264 3516 p.
313 3455 443 3498 erat.
506 3447 669 3514 Lepos
703 3448 916 3498 hezieht
956 3446 1070 3496 sich
1105 3447 1176 3494 im
1221 3447 1515 3509 Gegensatz
1555 3460 1661 3496 von
1700 3446 1867 3514 specie
1917 3447 2148 3512 corporis
2184 3450 2278 3499 auf
2312 3453 2429 3500 eine
2466 3452 2621 3500 mehr

97 3518 396 3570 innerliche
431 3516 784 3580 Eigenschaft,
823 3515 1034 3564 obwohl
1070 3513 1306 3564 dieseibe
1339 3515 1393 3562 in
1429 3514 1581 3562 ihren
1612 3513 1937 3574 Wirkungen
1974 3515 2113 3562 auch
2146 3516 2230 3565 fur
2266 3517 2351 3566 die
2384 3519 2619 3580 kerper-

99 3589 236 3637 liche
274 3585 643 3646 Erscheinung
686 3597 794 3632 von
841 3582 1068 3632 Einiluss
1125 3583 1240 3631 sein
1279 3595 1442 3630 muss‚
1520 3581 1589 3630 Es
1629 3593 1743 3630 war
1778 3580 2184 3644 des·‘srohiiche,
2238 3585 2619 3648 aufgeraumte,

100 3656 310 3716 witzige
346 3652 585 3710 Element
621 3653 673 3700 in
710 3651 1006 3712 ExcipinuS,
1051 3662 1162 3698 was
1200 3649 1342 3715 Alex,
1377 3647 1603 3708 fesselte,
1660 3647 1869 3696 obwohl
1920 3661 1977 3696 es
2015 3649 2128 3697 sich
2164 3653 2217 3699 in
2259 3651 2407 3702 einer
2439 3653 2617 3704 Weise

101 3725 296 3786 zeigte,
336 3719 423 3770 die
465 3720 614 3769 mehr
654 3719 736 3768 fiir
776 3718 880 3768 den
916 3717 1172 3780 Jnngling‚
1227 3717 1302 3766 als
1339 3715 1423 3764 fiir
1458 3715 1561 3764 den
1596 3715 1752 3764 Manu
1806 3713 1921 3763 sich
1970 3716 2187 3766 schickt.
2257 3719 2365 3768 Der
2399 3721 2618 3768 Zusatz:

102 3789 242 3840 haud
294 3803 419 3836 sane
453 3785 598 3836 virili
633 3786 1034 3836 charakterisirt
1079 3785 1190 3834 also
1223 3783 1407 3833 diesen
1444 3781 1582 3832 eben
1620 3795 1681 3831 so
1720 3780 1911 3842 schars,
1957 3782 2035 3832 ais
2070 3795 2131 3832 er
2166 3785 2271 3834 den
2296 3787 2620 3846 Hephastiou

103 3858 276 3908 durch
313 3855 417 3904 den
455 3858 750 3918 Gegensatz
784 3853 926 3902 heht.
1001 3853 1152 3902 Denn
1183 3857 1390 3898 veretur
1427 3849 1539 3914 [vir
1574 3847 1839 3913 honestus)
1904 3847 2147 3914 uidquam
2185 3855 2278 3899 aut
2312 3852 2489 3913 faeere
2528 3860 2621 3904 aut

104 3924 262 3991 loqui,
305 3921 442 3988 quod
476 3937 662 3988 parum
691 3918 912 3970 virile
948 3915 1196 3967 videatur.
1263 3919 1368 3967 Cio.
1409 3919 1478 3967 de
1516 3917 1600 3965 fin.
1638 3914 1693 3977 2,
1729 3911 1807 3977 14,
1843 3911 1878 3963 4
1914 3953 1925 3964 .

234 4013 290 4076 7,
333 4011 414 4074 38,
455 4009 538 4063 20.
609 4010 966 4077 Comperto.
1012 4009 1095 4058 F.:
1134 4008 1350 4073 cognito.
1431 4007 1592 4057 Jenes
1632 4009 1703 4055 ist
1738 4010 1907 4058 etwas
1937 4007 2164 4068 starker,
2214 4010 2265 4057 in
2304 4022 2366 4060 so
2404 4009 2517 4062 fern
2558 4025 2616 4062 es

104 4083 196 4132 auf
229 4082 678 4134 eutschiedenere
720 4078 1038 4152 Ggwissheit
1073 4077 1270 4126 deutet.
1334 4077 1397 4124 -S.
1442 4072 1526 4134 10,
1560 4071 1614 4135 2,
1648 4072 1737 4124 11;
1788 4073 2093 4125 nuntiabant
2128 4075 2377 4140 quaedam
2422 4077 2617 4140 audita,

103 4149 212 4199 ulia
251 4156 533 4214 comperta.
571 4175 629 4186 --
673 4147 947 4196 Bactra.
1027 4143 1486 4194 Wahrscheinlich
1518 4143 1613 4193 hat
1654 4144 1708 4193 C.
1758 4158 1824 4192 an
1867 4144 2048 4194 dieser
2081 4145 2239 4210 Steiie
2276 4147 2375 4196 mit
2416 4146 2621 4198 diesem

101 4221 306 4268 Numen
347 4217 498 4266 nicht
537 4216 624 4266 die
659 4215 929 4265 bekannie
970 4213 1126 4262 stadt
1163 4212 1339 4262 dieses
1378 4213 1610 4262 Namens
1648 4211 1855 4261 sitdiich
1886 4225 2015 4260 vom
2049 4211 2207 4274 Oxus,
2257 4215 2491 4266 sondern
2534 4217 2619 4266 die

103 4286 433 4350 Hauptstadt
464 4285 562 4334 des
597 4283 908 4333 westlichen
946 4280 1211 4344 Sogdiana
1243 4279 1569 4330 bezeichnen
1612 4280 1817 4345 wellen,
1870 4280 1958 4330 die
1996 4291 2063 4328 an
2102 4279 2199 4328 der
2226 4279 2379 4345 palus
2416 4282 2625 4332 Oxiana

105 4355 147 4404 d.
188 4356 242 4406 h.
284 4367 374 4402 am
404 4351 650 4412 Karakul,
699 4352 752 4400 in
794 4350 898 4400 den
937 4346 1053 4400 sich
1085 4348 1220 4410 jetzt
1258 4348 1356 4397 der
1409 4347 1649 4397 sudliche
1676 4348 1802 4397 Arm
1847 4348 1943 4398 des
1977 4346 2143 4396 Kohik
2186 4349 2419 4412 vei-liert,
2472 4351 2621 4417 gele..

109 4436 206 4484 gen
244 4436 312 4472 zu
354 4420 532 4470 haben
569 4419 794 4469 scheint.
863 4416 1164 4466 Ptolemaus
1203 4417 1369 4466 nennt
1404 4413 1642 4465 dieseibe
1677 4415 1970 4465 Trihaktra.
2032 4427 2039 4434 ·

238 4509 294 4571 7,
328 4506 414 4572 38,
450 4505 533 4559 21.
609 4506 988 4558 Menedemo
1027 4504 1202 4554 duce.
1249 4505 1302 4556 S.
1339 4501 1386 4565 7,
1421 4501 1505 4566 32,
1545 4501 1628 4556 31.
1665 4502 1749 4556 39.
1786 4533 1849 4541 —-
1890 4503 2176 4568 inferias
2211 4504 2415 4560 dedii,
2458 4506 2623 4570 S.10,

105 4579 152 4640 5,
190 4577 290 4630 30:
335 4575 627 4644 sepulerum
669 4574 796 4642 Gyri
833 4570 1134 4622 Alexander
1171 4571 1318 4621 iussit
1355 4571 1566 4638 aperiri,
1614 4572 1671 4624 in
1702 4589 1801 4639 quo
1838 4578 1953 4624 erat
1992 4571 2249 4630 conditum
2288 4573 2391 4632 eius
2421 4589 2627 4640 corpus,

105 4648 186 4696 cui
224 4646 395 4696 dare
432 4642 638 4694 volebat
670 4642 992 4706 inferias.

245 4736 306 4798 7,
343 4734 430 4797 39,
466 4732 518 4784 2.
598 4733 810 4784 Recta
827 4748 853 4780 e
895 4747 926 4780 r
945 4729 1222 4796 agionis.
1296 4730 1466 4792 Vergl.
1520 4744 1586 4779 zu
1623 4727 1673 4792 6,
1715 4727 1762 4792 6,
1803 4727 1882 4780 13.
1958 4730 2064 4780 Der
2114 4731 2461 4794 Polytimetus
2498 4737 2630 4804 ent5

107 4807 314 4870 spricht
347 4806 476 4858 dem
510 4803 682 4856 Kohik
719 4803 853 4854 oder
887 4799 1190 4854 Zeraichan.
1234 4825 1296 4840 .-
1349 4795 1639 4862 ᾷποοζᾳᾳ.
1708 4800 1807 4863 Die
1832 4798 2633 4864 griechiseh—macedonjschen
